<?xml version="1.0" encoding="UTF-8"?>
<!DOCTYPE html PUBLIC "-//W3C//DTD XHTML 1.0 Transitional//EN"
    "http://www.w3.org/TR/xhtml1/DTD/xhtml1-transitional.dtd">
<html xmlns="http://www.w3.org/1999/xhtml" xml:lang="en" lang="en">
 <head>
  <title>
</title>
<meta http-equiv="Content-Type" content="text/html;charset=utf-8" />
  <meta name='ocr-system' content='tesseract 3.04.00' />
  <meta name='ocr-capabilities' content='ocr_page ocr_carea ocr_par ocr_line ocrx_word'/>
</head>
<body>
  <div class='ocr_page' id='page_1' title='image "./elegiaeduae00goetuoft_0031.png"; bbox 0 0 2000 2381; ppageno 0'>
   <div class='ocr_carea' id='block_1_1' title="bbox 1708 156 1752 187">
    <p class='ocr_par' dir='ltr' id='par_1_1' title="bbox 1708 156 1752 187">
     <span class='ocr_line' id='line_1_1' title="bbox 1708 156 1752 187; baseline 0 0"><span class='ocrx_word' id='word_1_1' title='bbox 1708 156 1752 187; x_wconf 73' lang='lat'>213</span> 
     </span>
    </p>
   </div>
   <div class='ocr_carea' id='block_1_2' title="bbox 215 236 1807 484">
    <p class='ocr_par' dir='ltr' id='par_1_2' title="bbox 215 236 1807 484">
     <span class='ocr_line' id='line_1_2' title="bbox 317 236 1805 291; baseline 0.007 -23"><span class='ocrx_word' id='word_1_2' title='bbox 317 236 358 268; x_wconf 84' lang='lat' dir='ltr'>V.</span> <span class='ocrx_word' id='word_1_3' title='bbox 392 236 470 269; x_wconf 71' lang='lat'>438.</span> <span class='ocrx_word' id='word_1_4' title='bbox 523 237 638 270; x_wconf 65' lang='lat' dir='ltr'>laerte.</span> <span class='ocrx_word' id='word_1_5' title='bbox 668 237 842 277; x_wconf 79' lang='lat' dir='ltr'>Kuehner,</span> <span class='ocrx_word' id='word_1_6' title='bbox 869 251 978 285; x_wconf 89' lang='lat' dir='ltr'>quum</span> <span class='ocrx_word' id='word_1_7' title='bbox 1004 245 1104 285; x_wconf 84' lang='lat' dir='ltr'>negat</span> <span class='ocrx_word' id='word_1_8' title='bbox 1132 239 1300 286; x_wconf 76' lang='lat' dir='ltr'>(Schulgr.</span> <span class='ocrx_word' id='word_1_9' title='bbox 1328 239 1390 274; x_wconf 86' lang='lat' dir='ltr'>der</span> <span class='ocrx_word' id='word_1_10' title='bbox 1419 242 1549 275; x_wconf 84' lang='lat' dir='ltr'>Latein.</span> <span class='ocrx_word' id='word_1_11' title='bbox 1578 243 1642 291; x_wconf 88' lang='lat' dir='ltr'>Spr</span> <span class='ocrx_word' id='word_1_12' title='bbox 1682 243 1700 276; x_wconf 76' lang='grc'>4</span> <span class='ocrx_word' id='word_1_13' title='bbox 1718 245 1805 278; x_wconf 85' lang='lat' dir='ltr'>Auss.</span> 
     </span>
     <span class='ocr_line' id='line_1_3' title="bbox 215 284 1803 341; baseline 0.007 -24"><span class='ocrx_word' id='word_1_14' title='bbox 215 284 236 333; x_wconf 82' lang='lat'>§</span> <span class='ocrx_word' id='word_1_15' title='bbox 269 285 322 324; x_wconf 77' lang='lat'>49,</span> <span class='ocrx_word' id='word_1_16' title='bbox 352 284 383 325; x_wconf 79' lang='grc'>4,</span> <span class='ocrx_word' id='word_1_17' title='bbox 411 285 445 331; x_wconf 84' lang='grc'>1))</span> <span class='ocrx_word' id='word_1_18' title='bbox 472 284 661 320; x_wconf 75' lang='lat' dir='ltr'>ablativum</span> <span class='ocrx_word' id='word_1_19' title='bbox 703 288 802 335; x_wconf 84' lang='lat' dir='ltr'>hujus</span> <span class='ocrx_word' id='word_1_20' title='bbox 828 287 989 336; x_wconf 78' lang='lat' dir='ltr'>adjectivi</span> <span class='ocrx_word' id='word_1_21' title='bbox 1025 301 1191 336; x_wconf 86' lang='lat' dir='ltr'>umquam</span> <span class='ocrx_word' id='word_1_22' title='bbox 1220 290 1255 323; x_wconf 89' lang='lat' dir='ltr'>in</span> <span class='ocrx_word' id='word_1_23' title='bbox 1282 304 1297 323; x_wconf 83' lang='lat' dir='ltr'>e</span> <span class='ocrx_word' id='word_1_24' title='bbox 1325 292 1520 331; x_wconf 82' lang='lat' dir='ltr'>terminari,</span> <span class='ocrx_word' id='word_1_25' title='bbox 1561 293 1626 326; x_wconf 83' lang='lat' dir='ltr'>nisi</span> <span class='ocrx_word' id='word_1_26' title='bbox 1667 306 1803 341; x_wconf 84' lang='lat' dir='ltr'>prosam</span> 
     </span>
     <span class='ocr_line' id='line_1_4' title="bbox 216 334 1807 391; baseline 0.007 -25"><span class='ocrx_word' id='word_1_27' title='bbox 216 334 406 368; x_wconf 90' lang='lat' dir='ltr'>orationem</span> <span class='ocrx_word' id='word_1_28' title='bbox 433 334 544 368; x_wconf 87' lang='lat' dir='ltr'>solum</span> <span class='ocrx_word' id='word_1_29' title='bbox 583 335 655 369; x_wconf 91' lang='lat' dir='ltr'>vult</span> <span class='ocrx_word' id='word_1_30' title='bbox 690 337 920 377; x_wconf 77' lang='lat' dir='ltr'>intellectam,</span> <span class='ocrx_word' id='word_1_31' title='bbox 959 338 1110 379; x_wconf 89' lang='lat' dir='ltr'>fallitur;</span> <span class='ocrx_word' id='word_1_32' title='bbox 1150 351 1229 372; x_wconf 86' lang='lat' dir='ltr'>nam</span> <span class='ocrx_word' id='word_1_33' title='bbox 1267 346 1359 373; x_wconf 85' lang='lat' dir='ltr'>certe</span> <span class='ocrx_word' id='word_1_34' title='bbox 1399 340 1549 375; x_wconf 85' lang='lat' dir='ltr'>Ovidius</span> <span class='ocrx_word' id='word_1_35' title='bbox 1577 343 1713 390; x_wconf 83' lang='lat' dir='ltr'>scripsit</span> <span class='ocrx_word' id='word_1_36' title='bbox 1743 344 1807 391; x_wconf 79' lang='lat' dir='ltr'>Ep.</span> 
     </span>
     <span class='ocr_line' id='line_1_5' title="bbox 216 384 647 432; baseline 0.002 -16"><span class='ocrx_word' id='word_1_37' title='bbox 216 395 267 416; x_wconf 77' lang='lat' dir='ltr'>ex.</span> <span class='ocrx_word' id='word_1_38' title='bbox 289 384 325 417; x_wconf 89' lang='lat' dir='ltr'>P.</span> <span class='ocrx_word' id='word_1_39' title='bbox 354 384 378 423; x_wconf 87' lang='grc' dir='ltr'>Ι,</span> <span class='ocrx_word' id='word_1_40' title='bbox 411 385 448 416; x_wconf 69' lang='grc' dir='ltr'>Η</span> <span class='ocrx_word' id='word_1_41' title='bbox 470 385 555 432; x_wconf 73' lang='grc' dir='ltr'>(4ο),</span> <span class='ocrx_word' id='word_1_42' title='bbox 588 384 647 418; x_wconf 71' lang='lat'>44:</span> 
     </span>
     <span class='ocr_line' id='line_1_6' title="bbox 611 435 1415 484; baseline 0.006 -16"><span class='ocrx_word' id='word_1_43' title='bbox 611 435 734 469; x_wconf 80' lang='lat' dir='ltr'>«Stabzt</span> <span class='ocrx_word' id='word_1_44' title='bbox 762 443 789 469; x_wconf 75' lang='lat' dir='ltr'>et</span> <span class='ocrx_word' id='word_1_45' title='bbox 819 438 852 470; x_wconf 80' lang='lat' dir='ltr'>in</span> <span class='ocrx_word' id='word_1_46' title='bbox 880 437 1039 471; x_wconf 78' lang='lat' dir='ltr'><em>stomacho</em></span> <span class='ocrx_word' id='word_1_47' title='bbox 1064 437 1193 484; x_wconf 77' lang='lat' dir='ltr'>pondus</span> <span class='ocrx_word' id='word_1_48' title='bbox 1220 439 1322 472; x_wconf 70' lang='lat' dir='ltr'>inerte</span> <span class='ocrx_word' id='word_1_49' title='bbox 1350 439 1415 473; x_wconf 74' lang='lat' dir='ltr'>diu.</span> 
     </span>
    </p>
   </div>
   <div class='ocr_carea' id='block_1_3' title="bbox 218 483 1807 575">
    <p class='ocr_par' dir='ltr' id='par_1_3' title="bbox 218 483 1807 575">
     <span class='ocr_line' id='line_1_7' title="bbox 218 483 1807 537; baseline 0.006 -22"><span class='ocrx_word' id='word_1_50' title='bbox 218 483 366 519; x_wconf 59' lang='lat' dir='ltr'>[tecente.</span> <span class='ocrx_word' id='word_1_51' title='bbox 407 496 510 530; x_wconf 86' lang='lat' dir='ltr'>quam</span> <span class='ocrx_word' id='word_1_52' title='bbox 550 484 693 518; x_wconf 81' lang='lat' dir='ltr'>ablativi</span> <span class='ocrx_word' id='word_1_53' title='bbox 722 484 870 520; x_wconf 84' lang='lat' dir='ltr'>formam</span> <span class='ocrx_word' id='word_1_54' title='bbox 911 486 1035 520; x_wconf 89' lang='lat' dir='ltr'>eodem</span> <span class='ocrx_word' id='word_1_55' title='bbox 1075 486 1150 520; x_wconf 90' lang='lat' dir='ltr'>loco</span> <span class='ocrx_word' id='word_1_56' title='bbox 1176 487 1351 535; x_wconf 88' lang='lat' dir='ltr'>improbat</span> <span class='ocrx_word' id='word_1_57' title='bbox 1380 489 1554 529; x_wconf 86' lang='lat' dir='ltr'>Kuehner,</span> <span class='ocrx_word' id='word_1_58' title='bbox 1596 490 1718 537; x_wconf 86' lang='lat' dir='ltr'>legitur</span> <span class='ocrx_word' id='word_1_59' title='bbox 1745 492 1807 525; x_wconf 90' lang='lat' dir='ltr'>Ov.</span> 
     </span>
     <span class='ocr_line' id='line_1_8' title="bbox 218 531 699 575; baseline 0.004 -10"><span class='ocrx_word' id='word_1_60' title='bbox 218 531 295 566; x_wconf 84' lang='lat' dir='ltr'>Fast</span> <span class='ocrx_word' id='word_1_61' title='bbox 323 532 382 572; x_wconf 82' lang='grc' dir='ltr'><strong>ΙΙΙ,</strong></span> <span class='ocrx_word' id='word_1_62' title='bbox 411 535 501 575; x_wconf 79' lang='grc' dir='ltr'>88ος</span> <span class='ocrx_word' id='word_1_63' title='bbox 529 534 589 574; x_wconf 89' lang='lat' dir='ltr'>IV,</span> <span class='ocrx_word' id='word_1_64' title='bbox 619 532 699 567; x_wconf 66' lang='lat'>345.</span> 
     </span>
    </p>
   </div>
   <div class='ocr_carea' id='block_1_4' title="bbox 987 771 1042 810">
    <p class='ocr_par' dir='ltr' id='par_1_4' title="bbox 987 771 1042 810">
     <span class='ocr_line' id='line_1_9' title="bbox 987 771 1042 810; baseline 0.018 -1"><span class='ocrx_word' id='word_1_65' title='bbox 987 771 1042 810; x_wconf 90' lang='lat'>11.</span> 
     </span>
    </p>
   </div>
   <div class='ocr_carea' id='block_1_5' title="bbox 218 852 1811 1159">
    <p class='ocr_par' dir='ltr' id='par_1_5' title="bbox 218 852 1811 1159">
     <span class='ocr_line' id='line_1_10' title="bbox 318 852 1809 905; baseline 0.005 -15"><span class='ocrx_word' id='word_1_66' title='bbox 318 857 366 891; x_wconf 91' lang='lat' dir='ltr'>De</span> <span class='ocrx_word' id='word_1_67' title='bbox 408 857 526 891; x_wconf 83' lang='lat' dir='ltr'>Pausia</span> <span class='ocrx_word' id='word_1_68' title='bbox 567 857 745 905; x_wconf 83' lang='lat' dir='ltr'>Sicyonio,</span> <span class='ocrx_word' id='word_1_69' title='bbox 791 857 922 905; x_wconf 83' lang='lat' dir='ltr'>pictore</span> <span class='ocrx_word' id='word_1_70' title='bbox 954 852 1181 898; x_wconf 65' lang='lat' dir='ltr'>encaustico,</span> <span class='ocrx_word' id='word_1_71' title='bbox 1226 866 1260 893; x_wconf 86' lang='lat' dir='ltr'>et</span> <span class='ocrx_word' id='word_1_72' title='bbox 1301 860 1345 894; x_wconf 87' lang='lat' dir='ltr'>de</span> <span class='ocrx_word' id='word_1_73' title='bbox 1385 862 1560 896; x_wconf 84' lang='lat' dir='ltr'>coronaria</span> <span class='ocrx_word' id='word_1_74' title='bbox 1603 862 1682 896; x_wconf 88' lang='lat' dir='ltr'>vide</span> <span class='ocrx_word' id='word_1_75' title='bbox 1721 863 1809 897; x_wconf 91' lang='lat' dir='ltr'>Plin.</span> 
     </span>
     <span class='ocr_line' id='line_1_11' title="bbox 219 906 1811 958; baseline 0.003 -16"><span class='ocrx_word' id='word_1_76' title='bbox 219 908 259 942; x_wconf 89' lang='lat' dir='ltr'>H.</span> <span class='ocrx_word' id='word_1_77' title='bbox 274 908 314 942; x_wconf 81' lang='lat' dir='ltr'>N.</span> <span class='ocrx_word' id='word_1_78' title='bbox 330 906 486 947; x_wconf 75' lang='lat' dir='ltr'>XXXV,</span> <span class='ocrx_word' id='word_1_79' title='bbox 520 908 572 947; x_wconf 79' lang='grc'>11,</span> <span class='ocrx_word' id='word_1_80' title='bbox 602 907 657 941; x_wconf 75' lang='lat'>40:</span> <span class='ocrx_word' id='word_1_81' title='bbox 686 908 843 941; x_wconf 77' lang='lat' dir='ltr'>«Amavit</span> <span class='ocrx_word' id='word_1_82' title='bbox 858 907 1024 953; x_wconf 76' lang='lat' dir='ltr'>(Pausias)</span> <span class='ocrx_word' id='word_1_83' title='bbox 1041 908 1229 955; x_wconf 87' lang='lat' dir='ltr'>Glyceram</span> <span class='ocrx_word' id='word_1_84' title='bbox 1259 911 1471 958; x_wconf 77' lang='lat' dir='ltr'>municipem</span> <span class='ocrx_word' id='word_1_85' title='bbox 1500 924 1614 952; x_wconf 80' lang='lat' dir='ltr'>suam,</span> <span class='ocrx_word' id='word_1_86' title='bbox 1644 913 1811 946; x_wconf 84' lang='lat' dir='ltr'>inventri-</span> 
     </span>
     <span class='ocr_line' id='line_1_12' title="bbox 218 957 1811 1005; baseline 0.003 -13"><span class='ocrx_word' id='word_1_87' title='bbox 218 971 295 992; x_wconf 90' lang='lat' dir='ltr'>cem</span> <span class='ocrx_word' id='word_1_88' title='bbox 333 969 555 996; x_wconf 79' lang='lat' dir='ltr'>coronaruin,</span> <span class='ocrx_word' id='word_1_89' title='bbox 594 957 827 1004; x_wconf 75' lang='lat' dir='ltr'>certandoque</span> <span class='ocrx_word' id='word_1_90' title='bbox 861 957 1054 991; x_wconf 82' lang='lat' dir='ltr'>imitatione</span> <span class='ocrx_word' id='word_1_91' title='bbox 1081 961 1151 1005; x_wconf 83' lang='lat' dir='ltr'>ejus</span> <span class='ocrx_word' id='word_1_92' title='bbox 1178 958 1221 992; x_wconf 87' lang='lat' dir='ltr'>ad</span> <span class='ocrx_word' id='word_1_93' title='bbox 1252 961 1571 995; x_wconf 80' lang='lat' dir='ltr'>numerosissimam</span> <span class='ocrx_word' id='word_1_94' title='bbox 1600 961 1725 996; x_wconf 88' lang='lat' dir='ltr'>florum</span> <span class='ocrx_word' id='word_1_95' title='bbox 1755 975 1811 996; x_wconf 85' lang='lat' dir='ltr'>va-</span> 
     </span>
     <span class='ocr_line' id='line_1_13' title="bbox 219 1006 1809 1055; baseline 0.003 -13"><span class='ocrx_word' id='word_1_96' title='bbox 219 1008 376 1042; x_wconf 82' lang='lat' dir='ltr'>rietatem</span> <span class='ocrx_word' id='word_1_97' title='bbox 404 1006 568 1054; x_wconf 81' lang='lat' dir='ltr'>perduxit</span> <span class='ocrx_word' id='word_1_98' title='bbox 594 1013 704 1041; x_wconf 85' lang='lat' dir='ltr'>artem</span> <span class='ocrx_word' id='word_1_99' title='bbox 734 1006 840 1041; x_wconf 84' lang='lat' dir='ltr'>illam.</span> <span class='ocrx_word' id='word_1_100' title='bbox 893 1007 1073 1040; x_wconf 84' lang='lat' dir='ltr'>Postremo</span> <span class='ocrx_word' id='word_1_101' title='bbox 1101 1009 1214 1055; x_wconf 76' lang='lat' dir='ltr'>pinxit</span> <span class='ocrx_word' id='word_1_102' title='bbox 1241 1008 1336 1043; x_wconf 82' lang='lat' dir='ltr'>illam</span> <span class='ocrx_word' id='word_1_103' title='bbox 1365 1010 1544 1044; x_wconf 78' lang='lat' dir='ltr'>sedentem</span> <span class='ocrx_word' id='word_1_104' title='bbox 1574 1024 1653 1045; x_wconf 91' lang='lat' dir='ltr'>cum</span> <span class='ocrx_word' id='word_1_105' title='bbox 1675 1024 1809 1051; x_wconf 82' lang='lat' dir='ltr'>corona,</span> 
     </span>
     <span class='ocr_line' id='line_1_14' title="bbox 218 1055 1810 1109; baseline 0.003 -18"><span class='ocrx_word' id='word_1_106' title='bbox 218 1070 295 1106; x_wconf 84' lang='lat' dir='ltr'>quae</span> <span class='ocrx_word' id='word_1_107' title='bbox 321 1069 338 1090; x_wconf 85' lang='lat' dir='ltr'>e</span> <span class='ocrx_word' id='word_1_108' title='bbox 366 1055 593 1090; x_wconf 83' lang='lat' dir='ltr'>nobilissimis</span> <span class='ocrx_word' id='word_1_109' title='bbox 627 1060 697 1104; x_wconf 84' lang='lat' dir='ltr'>ejus</span> <span class='ocrx_word' id='word_1_110' title='bbox 725 1056 838 1090; x_wconf 85' lang='lat' dir='ltr'>tabula</span> <span class='ocrx_word' id='word_1_111' title='bbox 867 1056 1036 1104; x_wconf 83' lang='lat' dir='ltr'>appellata</span> <span class='ocrx_word' id='word_1_112' title='bbox 1065 1064 1116 1091; x_wconf 78' lang='lat' dir='ltr'>est</span> <span class='ocrx_word' id='word_1_113' title='bbox 1143 1058 1451 1107; x_wconf 73' lang='lat' dir='ltr'>Steplianeplocos‚</span> <span class='ocrx_word' id='word_1_114' title='bbox 1490 1061 1533 1095; x_wconf 87' lang='lat' dir='ltr'>ab</span> <span class='ocrx_word' id='word_1_115' title='bbox 1560 1061 1637 1095; x_wconf 86' lang='lat' dir='ltr'>aliis</span> <span class='ocrx_word' id='word_1_116' title='bbox 1665 1061 1810 1109; x_wconf 86' lang='lat' dir='ltr'>Stepha-</span> 
     </span>
     <span class='ocr_line' id='line_1_15' title="bbox 218 1106 1811 1159; baseline 0.003 -18"><span class='ocrx_word' id='word_1_117' title='bbox 218 1106 369 1155; x_wconf 82' lang='lat' dir='ltr'>nopoliS‚</span> <span class='ocrx_word' id='word_1_118' title='bbox 417 1107 580 1153; x_wconf 87' lang='lat' dir='ltr'>quoniam</span> <span class='ocrx_word' id='word_1_119' title='bbox 627 1106 775 1154; x_wconf 83' lang='lat' dir='ltr'>Glycera</span> <span class='ocrx_word' id='word_1_120' title='bbox 826 1106 1040 1140; x_wconf 79' lang='lat' dir='ltr'>venditando</span> <span class='ocrx_word' id='word_1_121' title='bbox 1084 1120 1226 1141; x_wconf 86' lang='lat' dir='ltr'>coronas</span> <span class='ocrx_word' id='word_1_122' title='bbox 1272 1115 1524 1145; x_wconf 80' lang='lat' dir='ltr'>sustentaverat</span> <span class='ocrx_word' id='word_1_123' title='bbox 1562 1117 1811 1159; x_wconf 82' lang='lat' dir='ltr'>paupertatem.</span> 
     </span>
    </p>
   </div>
   <div class='ocr_carea' id='block_1_6' title="bbox 219 1155 1811 1253">
    <p class='ocr_par' dir='ltr' id='par_1_6' title="bbox 219 1155 1811 1253">
     <span class='ocr_line' id='line_1_16' title="bbox 221 1155 1811 1204; baseline 0.002 -13"><span class='ocrx_word' id='word_1_124' title='bbox 221 1157 326 1204; x_wconf 82' lang='lat' dir='ltr'>Hujus</span> <span class='ocrx_word' id='word_1_125' title='bbox 355 1155 479 1190; x_wconf 74' lang='lat' dir='ltr'>tabulae</span> <span class='ocrx_word' id='word_1_126' title='bbox 506 1156 695 1204; x_wconf 86' lang='lat' dir='ltr'>exemplar,</span> <span class='ocrx_word' id='word_1_127' title='bbox 722 1156 814 1204; x_wconf 87' lang='lat' dir='ltr'>quod</span> <span class='ocrx_word' id='word_1_128' title='bbox 842 1156 1060 1204; x_wconf 84' lang='lat' dir='ltr'>apographon</span> <span class='ocrx_word' id='word_1_129' title='bbox 1091 1164 1228 1197; x_wconf 81' lang='lat' dir='ltr'>vocant,</span> <span class='ocrx_word' id='word_1_130' title='bbox 1256 1159 1295 1192; x_wconf 88' lang='lat' dir='ltr'>L.</span> <span class='ocrx_word' id='word_1_131' title='bbox 1317 1159 1482 1193; x_wconf 84' lang='lat' dir='ltr'>Lucullus</span> <span class='ocrx_word' id='word_1_132' title='bbox 1510 1160 1645 1194; x_wconf 85' lang='lat' dir='ltr'>duobus</span> <span class='ocrx_word' id='word_1_133' title='bbox 1674 1161 1811 1194; x_wconf 86' lang='lat' dir='ltr'>talentis</span> 
     </span>
     <span class='ocr_line' id='line_1_17' title="bbox 219 1205 1243 1253; baseline -0.001 -12"><span class='ocrx_word' id='word_1_134' title='bbox 219 1208 304 1241; x_wconf 86' lang='lat' dir='ltr'>emit</span> <span class='ocrx_word' id='word_1_135' title='bbox 330 1220 347 1240; x_wconf 87' lang='lat' dir='ltr'>a</span> <span class='ocrx_word' id='word_1_136' title='bbox 376 1206 543 1253; x_wconf 73' lang='lat' dir='ltr'>Dionysio</span> <span class='ocrx_word' id='word_1_137' title='bbox 571 1206 741 1240; x_wconf 87' lang='lat' dir='ltr'>Athenis»</span> <span class='ocrx_word' id='word_1_138' title='bbox 794 1205 856 1239; x_wconf 82' lang='lat' dir='ltr'>Cfr</span> <span class='ocrx_word' id='word_1_139' title='bbox 884 1205 924 1240; x_wconf 88' lang='lat' dir='ltr'>H.</span> <span class='ocrx_word' id='word_1_140' title='bbox 952 1206 993 1239; x_wconf 78' lang='lat' dir='ltr'>N.</span> <span class='ocrx_word' id='word_1_141' title='bbox 1022 1206 1122 1246; x_wconf 75' lang='lat' dir='ltr'>XXI,</span> <span class='ocrx_word' id='word_1_142' title='bbox 1151 1208 1183 1246; x_wconf 64' lang='lat' dir='ltr'>Q,</span> <span class='ocrx_word' id='word_1_143' title='bbox 1212 1208 1243 1241; x_wconf 89' lang='lat'>3.</span> 
     </span>
    </p>
   </div>
   <div class='ocr_carea' id='block_1_7' title="bbox 220 1304 1815 1847">
    <p class='ocr_par' dir='ltr' id='par_1_7' title="bbox 220 1304 1815 1847">
     <span class='ocr_line' id='line_1_18' title="bbox 319 1304 1809 1352; baseline 0.001 -13"><span class='ocrx_word' id='word_1_144' title='bbox 319 1307 361 1339; x_wconf 92' lang='lat' dir='ltr'>V.</span> <span class='ocrx_word' id='word_1_145' title='bbox 395 1305 446 1338; x_wconf 77' lang='grc'>15.</span> <span class='ocrx_word' id='word_1_146' title='bbox 500 1304 580 1347; x_wconf 80' lang='lat' dir='ltr'>Quoe</span> <span class='ocrx_word' id='word_1_147' title='bbox 607 1306 720 1351; x_wconf 72' lang='lat' dir='ltr'>quibus</span> <span class='ocrx_word' id='word_1_148' title='bbox 748 1306 953 1352; x_wconf 76' lang='lat' dir='ltr'>anleseram?</span> <span class='ocrx_word' id='word_1_149' title='bbox 993 1304 1057 1338; x_wconf 85' lang='lat' dir='ltr'>Cfr</span> <span class='ocrx_word' id='word_1_150' title='bbox 1086 1306 1180 1352; x_wconf 81' lang='lat' dir='ltr'>Virg.</span> <span class='ocrx_word' id='word_1_151' title='bbox 1207 1308 1292 1340; x_wconf 88' lang='lat' dir='ltr'>Aen.</span> <span class='ocrx_word' id='word_1_152' title='bbox 1319 1307 1378 1346; x_wconf 87' lang='lat' dir='ltr'>IV,</span> <span class='ocrx_word' id='word_1_153' title='bbox 1407 1308 1489 1345; x_wconf 73' lang='lat'><strong>371,</strong></span> <span class='ocrx_word' id='word_1_154' title='bbox 1530 1307 1588 1341; x_wconf 91' lang='lat' dir='ltr'>ubi</span> <span class='ocrx_word' id='word_1_155' title='bbox 1616 1307 1672 1341; x_wconf 88' lang='lat' dir='ltr'>illa</span> <span class='ocrx_word' id='word_1_156' title='bbox 1708 1307 1809 1341; x_wconf 85' lang='lat' dir='ltr'>verba</span> 
     </span>
     <span class='ocr_line' id='line_1_19' title="bbox 223 1354 1811 1404; baseline 0 -14"><span class='ocrx_word' id='word_1_157' title='bbox 223 1355 323 1403; x_wconf 86' lang='lat' dir='ltr'>vulgo</span> <span class='ocrx_word' id='word_1_158' title='bbox 349 1356 398 1389; x_wconf 88' lang='lat' dir='ltr'>sic</span> <span class='ocrx_word' id='word_1_159' title='bbox 425 1354 658 1402; x_wconf 82' lang='lat' dir='ltr'>explicantur:</span> <span class='ocrx_word' id='word_1_160' title='bbox 685 1367 779 1401; x_wconf 83' lang='lat' dir='ltr'>«quae</span> <span class='ocrx_word' id='word_1_161' title='bbox 807 1356 859 1388; x_wconf 82' lang='lat' dir='ltr'>his</span> <span class='ocrx_word' id='word_1_162' title='bbox 888 1361 1030 1402; x_wconf 86' lang='lat' dir='ltr'>possunt</span> <span class='ocrx_word' id='word_1_163' title='bbox 1057 1367 1130 1388; x_wconf 90' lang='lat' dir='ltr'>esse</span> <span class='ocrx_word' id='word_1_164' title='bbox 1158 1354 1336 1390; x_wconf 82' lang='lat' dir='ltr'>duriora?»</span> <span class='ocrx_word' id='word_1_165' title='bbox 1368 1359 1409 1390; x_wconf 88' lang='lat' dir='ltr'>At</span> <span class='ocrx_word' id='word_1_166' title='bbox 1436 1356 1506 1390; x_wconf 87' lang='lat' dir='ltr'>dno</span> <span class='ocrx_word' id='word_1_167' title='bbox 1533 1364 1630 1396; x_wconf 90' lang='lat' dir='ltr'>sunt,</span> <span class='ocrx_word' id='word_1_168' title='bbox 1664 1357 1707 1390; x_wconf 87' lang='lat' dir='ltr'>ob</span> <span class='ocrx_word' id='word_1_169' title='bbox 1735 1369 1811 1404; x_wconf 64' lang='lat' dir='ltr'>quie</span> 
     </span>
     <span class='ocr_line' id='line_1_20' title="bbox 221 1404 1811 1454; baseline 0.001 -15"><span class='ocrx_word' id='word_1_170' title='bbox 221 1412 332 1454; x_wconf 88' lang='lat' dir='ltr'>potest</span> <span class='ocrx_word' id='word_1_171' title='bbox 359 1404 524 1443; x_wconf 86' lang='lat' dir='ltr'>dubitari,</span> <span class='ocrx_word' id='word_1_172' title='bbox 552 1417 633 1437; x_wconf 89' lang='lat' dir='ltr'>num</span> <span class='ocrx_word' id='word_1_173' title='bbox 663 1406 776 1451; x_wconf 75' lang='lat' dir='ltr'>quzbus</span> <span class='ocrx_word' id='word_1_174' title='bbox 806 1404 852 1438; x_wconf 89' lang='lat' dir='ltr'>ibi</span> <span class='ocrx_word' id='word_1_175' title='bbox 881 1406 925 1439; x_wconf 91' lang='lat' dir='ltr'>sit</span> <span class='ocrx_word' id='word_1_176' title='bbox 953 1417 1144 1451; x_wconf 88' lang='lat' dir='ltr'>pronomen</span> <span class='ocrx_word' id='word_1_177' title='bbox 1174 1405 1368 1439; x_wconf 80' lang='lat' dir='ltr'>relativum.</span> <span class='ocrx_word' id='word_1_178' title='bbox 1421 1406 1509 1440; x_wconf 72' lang='lat' dir='ltr'>Nam</span> <span class='ocrx_word' id='word_1_179' title='bbox 1546 1408 1580 1440; x_wconf 88' lang='lat' dir='ltr'>in</span> <span class='ocrx_word' id='word_1_180' title='bbox 1615 1407 1811 1441; x_wconf 89' lang='lat' dir='ltr'>vehementi</span> 
     </span>
     <span class='ocr_line' id='line_1_21' title="bbox 220 1453 1813 1503; baseline 0.001 -14"><span class='ocrx_word' id='word_1_181' title='bbox 220 1456 328 1489; x_wconf 87' lang='lat' dir='ltr'>animi</span> <span class='ocrx_word' id='word_1_182' title='bbox 356 1455 605 1492; x_wconf 77' lang='lat' dir='ltr'>commotione,</span> <span class='ocrx_word' id='word_1_183' title='bbox 633 1466 741 1501; x_wconf 85' lang='lat' dir='ltr'>quum</span> <span class='ocrx_word' id='word_1_184' title='bbox 769 1453 891 1488; x_wconf 87' lang='lat' dir='ltr'>crebro</span> <span class='ocrx_word' id='word_1_185' title='bbox 915 1454 1083 1487; x_wconf 90' lang='lat' dir='ltr'>inciditur</span> <span class='ocrx_word' id='word_1_186' title='bbox 1110 1467 1242 1494; x_wconf 89' lang='lat' dir='ltr'>sermo,</span> <span class='ocrx_word' id='word_1_187' title='bbox 1284 1456 1453 1503; x_wconf 77' lang='lat' dir='ltr'>frangitur</span> <span class='ocrx_word' id='word_1_188' title='bbox 1482 1456 1532 1489; x_wconf 84' lang='lat' dir='ltr'>vis</span> <span class='ocrx_word' id='word_1_189' title='bbox 1570 1457 1751 1495; x_wconf 86' lang='lat' dir='ltr'>orationis,</span> <span class='ocrx_word' id='word_1_190' title='bbox 1785 1457 1813 1489; x_wconf 89' lang='lat' dir='ltr'>si</span> 
     </span>
     <span class='ocr_line' id='line_1_22' title="bbox 222 1503 1812 1553; baseline 0 -14"><span class='ocrx_word' id='word_1_191' title='bbox 222 1505 281 1540; x_wconf 74' lang='lat' dir='ltr'>illu</span> <span class='ocrx_word' id='word_1_192' title='bbox 308 1505 440 1538; x_wconf 82' lang='lat' dir='ltr'>minuta</span> <span class='ocrx_word' id='word_1_193' title='bbox 469 1503 627 1537; x_wconf 88' lang='lat' dir='ltr'>membra</span> <span class='ocrx_word' id='word_1_194' title='bbox 656 1505 862 1550; x_wconf 86' lang='lat' dir='ltr'>pronomine</span> <span class='ocrx_word' id='word_1_195' title='bbox 891 1503 1035 1537; x_wconf 82' lang='lat' dir='ltr'>relativo</span> <span class='ocrx_word' id='word_1_196' title='bbox 1063 1507 1328 1551; x_wconf 81' lang='lat' dir='ltr'>conjunguntur,</span> <span class='ocrx_word' id='word_1_197' title='bbox 1369 1506 1562 1553; x_wconf 78' lang='lat' dir='ltr'>praesertim</span> <span class='ocrx_word' id='word_1_198' title='bbox 1592 1507 1626 1539; x_wconf 90' lang='lat' dir='ltr'>in</span> <span class='ocrx_word' id='word_1_199' title='bbox 1657 1505 1812 1540; x_wconf 89' lang='lat' dir='ltr'>versibus</span> 
     </span>
     <span class='ocr_line' id='line_1_23' title="bbox 222 1553 1812 1600; baseline -0.001 -11"><span class='ocrx_word' id='word_1_200' title='bbox 222 1561 256 1589; x_wconf 86' lang='lat' dir='ltr'>et</span> <span class='ocrx_word' id='word_1_201' title='bbox 284 1555 320 1588; x_wconf 88' lang='lat' dir='ltr'>in</span> <span class='ocrx_word' id='word_1_202' title='bbox 348 1554 590 1599; x_wconf 84' lang='lat' dir='ltr'>interrogativa</span> <span class='ocrx_word' id='word_1_203' title='bbox 617 1554 862 1587; x_wconf 86' lang='lat' dir='ltr'>enuntiatione.</span> <span class='ocrx_word' id='word_1_204' title='bbox 917 1553 1010 1587; x_wconf 80' lang='lat' dir='ltr'>Tum</span> <span class='ocrx_word' id='word_1_205' title='bbox 1038 1554 1065 1587; x_wconf 86' lang='lat' dir='ltr'>si</span> <span class='ocrx_word' id='word_1_206' title='bbox 1100 1555 1214 1600; x_wconf 77' lang='lat' dir='ltr'>quibus</span> <span class='ocrx_word' id='word_1_207' title='bbox 1254 1555 1438 1589; x_wconf 82' lang='lat' dir='ltr'>relativum</span> <span class='ocrx_word' id='word_1_208' title='bbox 1478 1561 1548 1594; x_wconf 85' lang='lat' dir='ltr'>est,</span> <span class='ocrx_word' id='word_1_209' title='bbox 1586 1555 1698 1589; x_wconf 89' lang='lat' dir='ltr'>alieno</span> <span class='ocrx_word' id='word_1_210' title='bbox 1738 1555 1812 1588; x_wconf 92' lang='lat' dir='ltr'>loco</span> 
     </span>
     <span class='ocr_line' id='line_1_24' title="bbox 222 1602 1813 1652; baseline 0 -14"><span class='ocrx_word' id='word_1_211' title='bbox 222 1611 274 1638; x_wconf 89' lang='lat' dir='ltr'>est</span> <span class='ocrx_word' id='word_1_212' title='bbox 301 1604 470 1652; x_wconf 82' lang='lat' dir='ltr'>positum,</span> <span class='ocrx_word' id='word_1_213' title='bbox 496 1615 604 1650; x_wconf 89' lang='lat' dir='ltr'>quum</span> <span class='ocrx_word' id='word_1_214' title='bbox 635 1602 818 1636; x_wconf 85' lang='lat' dir='ltr'>relativum</span> <span class='ocrx_word' id='word_1_215' title='bbox 846 1609 924 1636; x_wconf 89' lang='lat' dir='ltr'>ante</span> <span class='ocrx_word' id='word_1_216' title='bbox 952 1604 1236 1649; x_wconf 80' lang='lat' dir='ltr'>interrogativum</span> <span class='ocrx_word' id='word_1_217' title='bbox 1254 1618 1445 1652; x_wconf 84' lang='lat' dir='ltr'>pronomen</span> <span class='ocrx_word' id='word_1_218' title='bbox 1473 1604 1631 1638; x_wconf 87' lang='lat' dir='ltr'>collocari</span> <span class='ocrx_word' id='word_1_219' title='bbox 1660 1605 1813 1638; x_wconf 82' lang='lat' dir='ltr'>deberet.</span> 
     </span>
     <span class='ocr_line' id='line_1_25' title="bbox 222 1652 1815 1702; baseline -0.001 -14"><span class='ocrx_word' id='word_1_220' title='bbox 222 1653 460 1697; x_wconf 85' lang='lat' dir='ltr'>Quamobrem</span> <span class='ocrx_word' id='word_1_221' title='bbox 488 1652 575 1686; x_wconf 85' lang='lat' dir='ltr'>mihi</span> <span class='ocrx_word' id='word_1_222' title='bbox 602 1652 745 1699; x_wconf 88' lang='lat' dir='ltr'>quidem</span> <span class='ocrx_word' id='word_1_223' title='bbox 777 1652 965 1686; x_wconf 86' lang='lat' dir='ltr'>verisimile</span> <span class='ocrx_word' id='word_1_224' title='bbox 995 1652 1132 1686; x_wconf 87' lang='lat' dir='ltr'>videtur</span> <span class='ocrx_word' id='word_1_225' title='bbox 1166 1662 1353 1702; x_wconf 86' lang='lat' dir='ltr'>utrumque</span> <span class='ocrx_word' id='word_1_226' title='bbox 1395 1666 1585 1701; x_wconf 84' lang='lat' dir='ltr'>pronomen</span> <span class='ocrx_word' id='word_1_227' title='bbox 1627 1656 1815 1700; x_wconf 80' lang='lat' dir='ltr'>interroga-</span> 
     </span>
     <span class='ocr_line' id='line_1_26' title="bbox 223 1703 1812 1752; baseline -0.001 -14"><span class='ocrx_word' id='word_1_228' title='bbox 223 1705 336 1738; x_wconf 84' lang='lat' dir='ltr'>tivum</span> <span class='ocrx_word' id='word_1_229' title='bbox 364 1715 436 1736; x_wconf 85' lang='lat' dir='ltr'>esse</span> <span class='ocrx_word' id='word_1_230' title='bbox 464 1708 498 1735; x_wconf 88' lang='lat' dir='ltr'>et</span> <span class='ocrx_word' id='word_1_231' title='bbox 524 1708 582 1735; x_wconf 88' lang='lat' dir='ltr'>aut</span> <span class='ocrx_word' id='word_1_232' title='bbox 606 1703 654 1735; x_wconf 86' lang='lat' dir='ltr'>sic</span> <span class='ocrx_word' id='word_1_233' title='bbox 681 1703 888 1735; x_wconf 81' lang='lat' dir='ltr'>sententiam</span> <span class='ocrx_word' id='word_1_234' title='bbox 917 1715 989 1736; x_wconf 80' lang='lat' dir='ltr'>esse</span> <span class='ocrx_word' id='word_1_235' title='bbox 1017 1703 1333 1750; x_wconf 77' lang='lat' dir='ltr'>interpretandam:</span> <span class='ocrx_word' id='word_1_236' title='bbox 1369 1704 1471 1751; x_wconf 84' lang='lat' dir='ltr'>«quid</span> <span class='ocrx_word' id='word_1_237' title='bbox 1500 1705 1613 1752; x_wconf 88' lang='lat' dir='ltr'>prius,</span> <span class='ocrx_word' id='word_1_238' title='bbox 1640 1704 1725 1751; x_wconf 90' lang='lat' dir='ltr'>quid</span> <span class='ocrx_word' id='word_1_239' title='bbox 1753 1716 1812 1751; x_wconf 91' lang='lat' dir='ltr'>po-</span> 
     </span>
     <span class='ocr_line' id='line_1_27' title="bbox 223 1750 1812 1801; baseline -0.002 -13"><span class='ocrx_word' id='word_1_240' title='bbox 223 1754 347 1788; x_wconf 84' lang='lat' dir='ltr'>sterius</span> <span class='ocrx_word' id='word_1_241' title='bbox 374 1751 489 1785; x_wconf 87' lang='lat' dir='ltr'>dicam</span> <span class='ocrx_word' id='word_1_242' title='bbox 516 1751 537 1784; x_wconf 93' lang='lat' dir='ltr'>l.</span> <span class='ocrx_word' id='word_1_243' title='bbox 563 1750 724 1798; x_wconf 67' lang='lat' dir='ltr'>querar27»</span> <span class='ocrx_word' id='word_1_244' title='bbox 753 1752 875 1798; x_wconf 85' lang='lat' dir='ltr'>(Serv.)</span> <span class='ocrx_word' id='word_1_245' title='bbox 902 1759 961 1785; x_wconf 90' lang='lat' dir='ltr'>aut</span> <span class='ocrx_word' id='word_1_246' title='bbox 987 1753 1052 1786; x_wconf 87' lang='lat' dir='ltr'>sic:</span> <span class='ocrx_word' id='word_1_247' title='bbox 1078 1765 1173 1799; x_wconf 75' lang='lat' dir='ltr'>«quae</span> <span class='ocrx_word' id='word_1_248' title='bbox 1199 1755 1354 1800; x_wconf 81' lang='lat' dir='ltr'>graviora</span> <span class='ocrx_word' id='word_1_249' title='bbox 1382 1754 1515 1793; x_wconf 84' lang='lat' dir='ltr'>dicam,</span> <span class='ocrx_word' id='word_1_250' title='bbox 1549 1766 1625 1801; x_wconf 83' lang='lat' dir='ltr'>quae</span> <span class='ocrx_word' id='word_1_251' title='bbox 1654 1751 1812 1787; x_wconf 76' lang='lat' dir='ltr'>leviora?»</span> 
     </span>
     <span class='ocr_line' id='line_1_28' title="bbox 223 1801 958 1847; baseline -0.003 -10"><span class='ocrx_word' id='word_1_252' title='bbox 223 1803 351 1837; x_wconf 83' lang='lat' dir='ltr'>Utrum</span> <span class='ocrx_word' id='word_1_253' title='bbox 379 1801 540 1847; x_wconf 81' lang='lat' dir='ltr'>elegeris,</span> <span class='ocrx_word' id='word_1_254' title='bbox 567 1813 635 1834; x_wconf 89' lang='lat' dir='ltr'>non</span> <span class='ocrx_word' id='word_1_255' title='bbox 664 1801 814 1835; x_wconf 87' lang='lat' dir='ltr'>multum</span> <span class='ocrx_word' id='word_1_256' title='bbox 843 1801 958 1835; x_wconf 86' lang='lat' dir='ltr'>refert.</span> 
     </span>
    </p>
   </div>
   <div class='ocr_carea' id='block_1_8' title="bbox 223 1899 1814 2144">
    <p class='ocr_par' dir='ltr' id='par_1_8' title="bbox 223 1899 1814 2098">
     <span class='ocr_line' id='line_1_29' title="bbox 326 1899 1814 1948; baseline -0.001 -14"><span class='ocrx_word' id='word_1_257' title='bbox 326 1902 367 1934; x_wconf 90' lang='lat' dir='ltr'>V.</span> <span class='ocrx_word' id='word_1_258' title='bbox 396 1900 452 1932; x_wconf 67' lang='lat'>21.</span> <span class='ocrx_word' id='word_1_259' title='bbox 504 1899 639 1934; x_wconf 72' lang='lat' dir='ltr'>Strauss</span> <span class='ocrx_word' id='word_1_260' title='bbox 666 1906 700 1933; x_wconf 83' lang='lat' dir='ltr'>et</span> <span class='ocrx_word' id='word_1_261' title='bbox 718 1901 831 1934; x_wconf 57' lang='grc' dir='ltr'>[ἰν-(ιω</span> <span class='ocrx_word' id='word_1_262' title='bbox 858 1913 1068 1948; x_wconf 85' lang='lat' dir='ltr'>quamquam</span> <span class='ocrx_word' id='word_1_263' title='bbox 1090 1901 1228 1948; x_wconf 88' lang='lat' dir='ltr'>proprie</span> <span class='ocrx_word' id='word_1_264' title='bbox 1255 1901 1355 1934; x_wconf 86' lang='lat' dir='ltr'>aliter</span> <span class='ocrx_word' id='word_1_265' title='bbox 1381 1907 1482 1948; x_wconf 84' lang='lat' dir='ltr'>atque</span> <span class='ocrx_word' id='word_1_266' title='bbox 1502 1900 1578 1948; x_wconf 87' lang='lat' dir='ltr'>plus</span> <span class='ocrx_word' id='word_1_267' title='bbox 1605 1914 1621 1934; x_wconf 91' lang='lat' dir='ltr'>a</span> <span class='ocrx_word' id='word_1_268' title='bbox 1650 1914 1685 1934; x_wconf 89' lang='lat' dir='ltr'>se</span> <span class='ocrx_word' id='word_1_269' title='bbox 1713 1899 1814 1933; x_wconf 78' lang='lat' dir='ltr'>diffe-</span> 
     </span>
     <span class='ocr_line' id='line_1_30' title="bbox 225 1950 1809 1998; baseline -0.003 -12"><span class='ocrx_word' id='word_1_270' title='bbox 225 1957 323 1991; x_wconf 82' lang='lat' dir='ltr'>runt,</span> <span class='ocrx_word' id='word_1_271' title='bbox 349 1962 454 1997; x_wconf 85' lang='lat' dir='ltr'>quam</span> <span class='ocrx_word' id='word_1_272' title='bbox 482 1957 603 1983; x_wconf 83' lang='lat' dir='ltr'>sertum</span> <span class='ocrx_word' id='word_1_273' title='bbox 632 1955 665 1982; x_wconf 86' lang='lat' dir='ltr'>et</span> <span class='ocrx_word' id='word_1_274' title='bbox 692 1963 824 1989; x_wconf 78' lang='lat' dir='ltr'>corona,</span> <span class='ocrx_word' id='word_1_275' title='bbox 851 1956 967 1983; x_wconf 84' lang='lat' dir='ltr'>tamen</span> <span class='ocrx_word' id='word_1_276' title='bbox 995 1962 1063 1983; x_wconf 88' lang='lat' dir='ltr'>non</span> <span class='ocrx_word' id='word_1_277' title='bbox 1091 1950 1248 1984; x_wconf 71' lang='lat' dir='ltr'>dubitavi</span> <span class='ocrx_word' id='word_1_278' title='bbox 1279 1951 1322 1984; x_wconf 79' lang='lat' dir='ltr'>ita</span> <span class='ocrx_word' id='word_1_279' title='bbox 1353 1951 1589 1998; x_wconf 70' lang='lat' dir='ltr'>interpretari,</span> <span class='ocrx_word' id='word_1_280' title='bbox 1616 1950 1809 1998; x_wconf 79' lang='lat' dir='ltr'>praesertinl</span> 
     </span>
     <span class='ocr_line' id='line_1_31' title="bbox 223 1997 1814 2049; baseline -0.003 -14"><span class='ocrx_word' id='word_1_281' title='bbox 223 2013 332 2049; x_wconf 90' lang='lat' dir='ltr'>quum</span> <span class='ocrx_word' id='word_1_282' title='bbox 353 1999 521 2033; x_wconf 85' lang='lat' dir='ltr'>Goethius</span> <span class='ocrx_word' id='word_1_283' title='bbox 549 1997 605 2032; x_wconf 89' lang='lat' dir='ltr'>illa</span> <span class='ocrx_word' id='word_1_284' title='bbox 633 1998 811 2032; x_wconf 80' lang='lat' dir='ltr'>interdum</span> <span class='ocrx_word' id='word_1_285' title='bbox 839 1999 935 2033; x_wconf 90' lang='lat' dir='ltr'>nullo</span> <span class='ocrx_word' id='word_1_286' title='bbox 962 2000 1165 2034; x_wconf 78' lang='lat' dir='ltr'>discrimine</span> <span class='ocrx_word' id='word_1_287' title='bbox 1193 2001 1419 2047; x_wconf 82' lang='lat' dir='ltr'>usurpaverit.</span> <span class='ocrx_word' id='word_1_288' title='bbox 1472 1999 1536 2033; x_wconf 83' lang='lat' dir='ltr'>Cfr</span> <span class='ocrx_word' id='word_1_289' title='bbox 1565 2012 1594 2033; x_wconf 92' lang='lat' dir='ltr'>v.</span> <span class='ocrx_word' id='word_1_290' title='bbox 1627 2001 1668 2032; x_wconf 73' lang='lat'>49</span> <span class='ocrx_word' id='word_1_291' title='bbox 1697 2006 1729 2032; x_wconf 82' lang='lat' dir='ltr'>et</span> <span class='ocrx_word' id='word_1_292' title='bbox 1760 1998 1814 2031; x_wconf 69' lang='lat'>40.</span> 
     </span>
     <span class='ocr_line' id='line_1_32' title="bbox 224 2049 810 2098; baseline -0.007 -12"><span class='ocrx_word' id='word_1_293' title='bbox 224 2052 359 2087; x_wconf 84' lang='lat' dir='ltr'>Strauss</span> <span class='ocrx_word' id='word_1_294' title='bbox 385 2049 524 2098; x_wconf 87' lang='lat' dir='ltr'>proprie</span> <span class='ocrx_word' id='word_1_295' title='bbox 551 2054 601 2081; x_wconf 85' lang='lat' dir='ltr'>est</span> <span class='ocrx_word' id='word_1_296' title='bbox 625 2049 810 2095; x_wconf 60' lang='lat' dir='ltr'>fasciculas</span> 
     </span>
    </p>

    <p class='ocr_par' dir='ltr' id='par_1_9' title="bbox 1711 2116 1730 2144">
     <span class='ocr_line' id='line_1_33' title="bbox 1711 2116 1730 2144; baseline 0 0"><span class='ocrx_word' id='word_1_297' title='bbox 1711 2116 1730 2144; x_wconf 76' lang='lat' dir='ltr'>—l</span> 
     </span>
    </p>
   </div>
  </div>
 </body>
</html>
