2000 2381
184 141 230 173 2ss

231 231 273 265 V.
304 229 360 270 45,
387 241 481 277 sequ.
533 229 683 263 Possunt
709 229 746 263 hi
774 241 893 264 versus
920 229 969 263 sic
995 241 1132 277 quoque
1159 230 1327 277 exprimi:

380 280 412 314 C.
439 278 635 327 Sz'qnificare
661 279 746 314 valet
771 280 879 326 pictor
905 292 984 313 num
1010 280 1196 314 maximus.-
1225 293 1321 314 «uror
1331 283 1360 314 J»

497 329 537 362 In
563 337 592 363 te
620 329 685 364 solo
712 331 811 363 uror!
845 328 956 363 dedita
983 330 1056 364 vivo
1083 330 1163 364 tibi!

380 378 417 412 P.
446 377 511 412 Hei
535 378 637 412 mihi!
664 392 719 412 nec
746 380 817 413 vati
840 378 912 425 sari
937 380 983 412 sic
1011 380 1162 425 contiqz't:
1189 382 1323 412 «urorl»

497 428 553 465 Ut,
583 440 653 462 mea
680 429 757 465 lum,
785 440 882 461 aures
909 441 973 462 vom
1000 436 1058 463 tua
1085 428 1205 463 blanda
1231 429 1326 463 venit.

129 476 305 512 Servanda
332 482 384 510 est
409 476 446 510 in
475 476 632 511 versibus
659 476 851 511 reddendis
878 479 1057 512 conversio
1083 478 1279 526 (epiphora,
1311 477 1551 526 antistrophe),
1579 490 1644 525 qua
1673 478 1725 512 vis

128 527 243 562 omnis
270 527 306 561 in
334 526 440 560 finem
470 538 634 560 versuum
661 527 855 574 conjicitur.

232 627 275 659 V.
304 625 360 658 46.
413 624 533 672 Neque
561 625 718 660 Klotzius
752 638 864 673 neque
892 626 1044 673 Georges
1083 633 1202 661 monet
1232 626 1377 661 verbum
1409 627 1574 675 slayrare,
1614 638 1723 672 quum

130 676 300 723 significat
327 688 456 713 amare,
483 687 563 708 cum
589 674 741 710 ablativo
768 677 927 723 conjungi
954 688 1062 724 posse.
1118 677 1160 710 At
1193 683 1286 710 certe
1325 676 1394 710 duo
1427 674 1585 723 exempla
1626 687 1723 723 repe-

129 727 267 760 riuntur
293 723 386 773 apud
413 724 646 772 Propertium,
673 726 715 765 ΙΙ,
743 725 776 765 3,
804 726 861 765 33,
888 726 942 759 ed.
973 725 1071 760 Keil.:

429 775 500 808 Hac
528 788 583 821 ‘39⁰
610 788 694 810 nunc
720 776 822 809 mirer
847 777 878 809 si
899 776 1023 824 flagrat
1052 783 1162 810 nostra
1188 776 1369 821 juventus?

128 831 163 859 et
189 825 249 864 IV,
282 825 335 863 48,
369 823 411 857 43
439 823 493 858 ed.
521 823 623 858 Keil.:
1225 833 1230 837 '

430 875 533 908 Testis
561 875 742 909 Thessalico
766 875 916 923 flagrans
945 873 1111 908 Salmonis
1139 875 1273 922 Enipeo.

228 973 270 1006 V.
305 973 382 1005 408.
423 972 504 1020 'Qui
532 973 610 1006 vani
639 973 695 1006 hic
734 972 962 1021 appellantur,
1001 975 1142 1022 juvenes
1182 978 1279 1012 sunt,
1319 985 1347 1007 v.
1377 973 1423 1006 99
1451 972 1724 1007 commemorati.

128 1021 210 1057 Illos
237 1023 333 1056 enim
360 1028 496 1056 tumore
523 1022 658 1056 inflatos
686 1029 784 1070 poeta
812 1022 981 1070 significat
1008 1022 1076 1056 sibi
1108 1021 1278 1070 placuisse
1311 1029 1345 1056 et
1385 1022 1530 1057 fortasse
1566 1034 1721 1056 amorem

129 1073 316 1106 coronariae
343 1073 528 1121 jactavisse.
582 1072 682 1115 Quod
714 1085 841 1106 vanum
870 1079 959 1115 erat;
999 1085 1080 1106 nam
1107 1072 1208 1106 aliter
1242 1072 1279 1106 id
1314 1072 1437 1107 saltem
1465 1078 1622 1111 nossent,
1662 1071 1722 1106 ubi

128 1121 300 1156 habitaret
327 1134 382 1162 ea,
408 1134 427 1155 a
456 1134 521 1169 qua
550 1134 584 1156 se
610 1123 719 1157 amari
747 1122 992 1170 gloriabantur.

779 1361 1083 1407 &Q
