2000 2381
415 171 460 205 At
485 170 647 218 quoniam
674 168 859 204 latinorum
885 170 1078 204 carminum
1105 170 1355 205 confectionem
1382 171 1426 206 ob
1450 171 1486 206 id
1521 172 1669 206 maxime
1708 187 1883 209 commen-

316 228 493 268 davimus,
532 227 625 276 quod
657 228 704 262 ita
736 229 866 277 optime
899 228 1030 276 poesim
1071 227 1259 261 Romanam
1297 230 1492 264 universam
1520 242 1718 276 cognoscere
1745 231 1881 273 liceret,

315 293 420 321 restat
447 286 605 326 fortasse,
638 292 676 321 ut
701 299 910 335 quaeramus,
949 299 1033 320 num
1060 286 1202 320 omnino
1228 285 1286 320 illa
1313 288 1422 335 poesis
1461 288 1561 335 digna
1601 289 1661 329 sit,
1701 289 1743 323 ad
1782 304 1885 338 quam

316 344 587 393 cognoscendam
625 344 779 380 studium
813 351 914 393 atque
947 357 1085 392 operam
1125 344 1350 379 conferamus.
1402 346 1469 380 Sed
1503 347 1537 380 in
1565 360 1601 381 ea
1637 360 1673 380 re
1706 348 1790 395 quid
1817 355 1886 389 est,

315 402 407 451 quod
435 402 603 451 longiores
629 401 757 438 simus?
810 403 898 437 Tam
926 401 1033 436 multa
1062 403 1161 437 toties
1195 404 1229 437 in
1269 409 1449 451 utramque
1492 411 1624 452 partem
1659 412 1737 439 sunt
1777 405 1886 446 dicta,

314 468 351 495 ut
380 461 436 495 vix
463 462 570 509 possit
595 461 785 510 quidquam
813 462 893 495 novi
926 460 1050 495 afferri.
1104 460 1176 495 Hoc
1202 462 1313 495 solum
1341 474 1538 502 monemus,
1576 463 1667 510 quod
1694 464 1797 498 etiam
1825 464 1886 498 ad-

314 520 455 554 versarii
481 519 659 554 literarum
687 519 887 560 latinarum,
913 521 970 568 qui
1000 519 1104 553 modo
1130 520 1218 567 aequi
1245 521 1330 561 sint,
1356 520 1565 561 concedunt,
1591 533 1658 554 non
1685 534 1756 556 esse
1781 522 1884 557 aliam

312 579 460 627 poesim,
488 577 546 612 ubi
573 579 680 626 magis
704 577 884 612 manifeste
912 584 945 612 et
972 577 1125 611 dilucide
1152 579 1320 613 sententie
1347 578 1551 617 efferantur,
1591 578 1698 626 magis
1736 582 1884 629 propriae

313 644 346 671 et
371 637 504 671 idoneae
529 637 598 671 sint
620 636 805 671 verborum
833 635 1070 670 translationes
1097 642 1131 670 et
1157 637 1430 678 immutationes,
1458 637 1564 683 magis
1586 636 1706 672 formae
1722 638 1884 673 habeatur

312 697 406 730 ratio.
458 695 497 729 In
525 695 577 729 his
604 694 706 729 rebus
733 701 784 728 est
809 701 843 728 et
870 696 935 729 erit
961 694 1147 743 exemplar,
1174 695 1267 742 quod
1294 695 1360 729 sibi
1386 695 1430 729 ad
1457 694 1665 729 imitandum
1694 704 1886 745 proponant

310 754 516 789 recentiores
543 757 667 801 poetae,
706 754 864 801 quamvis
892 753 926 788 hi
960 765 1077 787 rerum
1118 752 1306 801 formaeque
1334 754 1496 788 varietate
1530 760 1701 801 praestent.
1755 756 1885 790 Praeter

310 813 370 847 has
398 811 514 846 laudes
541 825 649 860 quum
677 811 798 846 habeat
824 811 1051 846 clarissimam
1077 825 1214 846 morum
1245 812 1391 860 vitaeque
1428 812 1661 846 Romanorum
1701 815 1884 862 expositio—

310 883 407 911 nem,
434 883 516 904 num
544 870 621 918 quis
649 883 749 904 sanus
776 878 809 904 et
823 870 1054 919 prudenshoc
1077 870 1232 905 studium
1259 869 1343 905 velit
1369 868 1560 920 abjectum?
1612 869 1737 905 Contra
1765 884 1884 906 omnes

309 930 434 976 egregii
460 932 568 977 poetae
597 928 929 963 commendaverunt
954 935 988 963 et
1021 929 1188 963 Goethius
1215 930 1288 978 ipse
1328 941 1533 977 magnopere
1573 936 1624 963 est
1663 929 1885 978 amplexatus.

307 987 369 1022 Ille
402 988 513 1027 enim,
552 1000 658 1035 quum
689 986 819 1021 nullam
852 987 1074 1022 humanitatis
1101 994 1234 1036 partem
1262 988 1431 1035 ignoraret
1458 1000 1568 1035 neque
1601 987 1811 1036 despiceret,
1846 988 1884 1023 id

307 1045 399 1093 quod
427 1046 463 1079 in
490 1058 624 1094 quoque
658 1058 797 1093 genere,
833 1058 1036 1094 quocunque
1063 1059 1097 1081 se
1127 1051 1289 1083 verterat,
1330 1046 1410 1080 satis
1436 1045 1612 1094 probavit,
1651 1052 1765 1080 tamen
1792 1046 1884 1081 haud

307 1106 377 1138 scio
416 1117 459 1139 an
498 1105 737 1152 antiquitatem
777 1105 927 1139 maxime
968 1105 1104 1152 ingenio
1131 1111 1164 1138 et
1191 1103 1346 1138 moribus
1385 1105 1600 1152 expresserit.
1652 1104 1814 1138 Cernitur
1845 1117 1882 1138 ea

307 1162 500 1197 similitudo
527 1175 595 1196 non
623 1163 810 1196 minimum
837 1163 873 1196 in
901 1162 1090 1197 elocutione
1118 1162 1223 1197 simul
1250 1162 1340 1197 nuda
1374 1168 1408 1197 et
1435 1162 1596 1210 eleganti,
1623 1166 1716 1212 cujus
1744 1162 1883 1197 laudem

307 1221 441 1256 facilius
467 1227 625 1268 agnoscat
652 1222 729 1269 quis
755 1234 859 1269 quam
885 1227 1092 1269 assequatur.
1144 1222 1320 1270 Praecipue
1353 1222 1389 1255 in
1415 1234 1513 1270 prosa
1541 1222 1692 1256 oratione
1719 1228 1752 1255 et
1778 1222 1813 1255 in
1840 1222 1883 1256 iis

307 1279 535 1319 carminibus,
574 1292 649 1328 quae
675 1279 719 1313 ad
752 1280 900 1327 antiquae
927 1280 1037 1328 poesis
1077 1280 1263 1327 imaginem
1302 1281 1512 1328 composuit,
1550 1293 1587 1314 ea
1615 1277 1724 1314 virtus
1763 1279 1884 1313 elucet.

306 1337 464 1372 Floribus
485 1338 647 1372 distincta
663 1343 713 1372 est
733 1339 856 1378 oratio,
883 1350 951 1372 non
965 1337 1113 1373 flosculis
1139 1338 1270 1372 obruta.
1308 1339 1371 1373 Est
1389 1339 1483 1372 enim
1511 1339 1574 1373 hoc
1595 1351 1664 1372 uon
1687 1337 1881 1372 admodum

306 1409 421 1431 rarum
447 1397 558 1445 poe'sis
584 1397 783 1431 recentioris
811 1397 934 1431 vitium
971 1396 1259 1432 similitudinibus
1285 1396 1405 1431 alienis
1431 1403 1465 1431 et
1492 1396 1697 1432 calamistris
1725 1410 1792 1431 non
1820 1409 1881 1431 suo

306 1454 379 1489 loco
393 1455 557 1490 adhibitis
584 1456 768 1490 sententias
782 1454 975 1497 obscurari,
1000 1457 1045 1490 ita
1067 1462 1105 1490 ut
1119 1468 1380 1503 nonnumquam
1401 1455 1651 1490 difficillimum
1679 1456 1724 1489 sit
1749 1455 1882 1496 dicere,

305 1513 390 1561 quid
417 1518 513 1562 poeta
541 1514 730 1562 significare
760 1514 914 1549 voluerit.
970 1514 1063 1549 Tum
1090 1515 1239 1549 maxime
1265 1520 1406 1563 apparet
1431 1515 1495 1549 hoc
1529 1515 1672 1554 vitium,
1710 1527 1818 1561 quum
1844 1514 1882 1548 in

304 1572 407 1606 aliam
435 1572 586 1619 linguam
613 1573 886 1608 convertendum
914 1579 964 1607 est
991 1573 1159 1623 ejusmodi
1198 1585 1355 1615 carmen;
1390 1573 1583 1621 praesertim
1623 1572 1649 1606 si
1690 1584 1726 1606 ea
1755 1572 1880 1620 lingua,

304 1637 341 1665 ut
369 1630 490 1671 latina,
516 1631 558 1666 ab
585 1632 680 1666 omni
706 1631 913 1666 obscuritate
937 1631 1128 1666 abhorreat.
1179 1630 1233 1666 Ab
1261 1631 1324 1666 hoc
1350 1632 1453 1678 igitur
1469 1632 1551 1666 vitio
1566 1630 1718 1664 carmina
1741 1630 1880 1666 Goethii

303 1702 442 1737 prorsus
469 1689 540 1724 fere
568 1696 647 1724 sunt
674 1690 800 1725 liberae.

400 1790 439 1824 In
470 1790 644 1825 vertendis
671 1789 881 1825 carminibus
909 1790 972 1824 lioc
999 1790 1086 1824 mihi
1114 1790 1291 1838 proposui,
1326 1796 1363 1824 ut
1390 1802 1492 1838 quam
1518 1791 1675 1839 proxime
1701 1789 1745 1824 ad
1776 1789 1877 1824 verba

303 1849 373 1895 ipsa
414 1853 521 1896 poe'tae
559 1849 736 1883 accederet
775 1849 1029 1897 interpretatio,
1068 1848 1158 1883 salva
1188 1848 1292 1883 modo
1319 1848 1442 1896 linguae
1467 1848 1581 1883 latinae
1623 1847 1877 1882 consuetudine.

302 1907 420 1954 Neque
454 1907 537 1942 illud
576 1909 610 1942 in
646 1907 715 1942 ullo
748 1920 869 1954 genere
903 1907 982 1941 licet
1015 1907 1157 1954 negligi,
1197 1908 1292 1941 etin
1319 1908 1428 1956 poesi,
1469 1906 1527 1941 ubi
1557 1919 1644 1956 saepe
1672 1919 1738 1940 non
1767 1904 1876 1939 multo

302 1966 416 1998 minus
443 1966 713 2000 conformatione
740 1966 903 2000 orationis
930 1965 1080 2000 efficitur
1107 1979 1210 2014 quam
1234 1967 1303 2014 ipsa
1332 1966 1515 2006 sententia,
1543 1965 1712 2013 praecipue
1739 1969 1789 1997 est
1815 1962 1876 1997 ob-

300 2023 517 2059 servandum.
570 2025 662 2068 Quin
692 2026 816 2066 immo,
842 2031 934 2059 tanta
960 2031 1011 2059 est
1037 2037 1073 2059 ea
1103 2026 1169 2065 vis,
1209 2031 1246 2059 ut
1272 2027 1343 2074 jure
1370 2023 1485 2058 dicere
1524 2023 1652 2062 videar,
1690 2023 1747 2057 vix
1774 2034 1871 2070 posse
