2000 2381
939 278 1232 334 Adnotata.

1062 390 1096 428 Ι.

384 476 426 509 V.
455 478 485 510 7.
542 476 698 511 Velientes.
728 475 884 510 Klotzius
912 483 946 510 et
981 476 1132 524 Georges
1159 490 1267 525 quum
1302 477 1337 511 in
1373 476 1492 512 lexicis
1522 477 1667 512 verbum
1708 481 1818 514 vehere
1845 486 1878 514 et

289 526 510 559 transitivum
526 532 560 559 et
575 526 835 560 intransitivum
864 539 936 560 esse
964 527 1196 567 contendunt,
1225 527 1316 562 haud
1344 528 1414 561 scio
1441 540 1483 561 an
1513 541 1635 576 parum
1663 529 1878 563 considerate

287 575 375 609 illud
404 574 539 609 faciant.
592 576 644 608 Ex
672 575 784 610 allatis
819 576 986 624 exemplis
1013 584 1166 625 apparet,
1193 577 1228 611 id
1263 577 1356 625 quod
1384 584 1418 611 et
1446 578 1596 625 Georges
1635 580 1786 619 monuit,
1826 580 1879 613 in-

285 626 503 658 transitivain
544 625 831 672 significationem
871 627 937 660 nisi
978 627 1014 660 in
1048 633 1134 675 part.
1167 639 1265 675 praeS.
1300 634 1334 661 et
1366 628 1401 661 in
1430 628 1573 674 gerund.
1608 641 1675 662 non
1718 630 1878 663 inveniri.

285 675 387 717 Quod
416 688 522 722 quare
550 675 594 708 ita
623 676 684 714 sit,
711 676 843 723 optime
871 675 1072 724 explicatur,
1101 678 1129 711 si
1156 676 1365 717 attenderis,
1399 679 1572 724 passivam
1600 677 1749 712 formam
1780 679 1878 727 liujus

286 724 381 758 verbi
411 725 447 758 in
476 724 620 758 verbum
656 725 834 773 deponens
869 732 1004 760 tantum
1044 739 1112 760 non
1154 728 1333 767 transisse,
1374 733 1411 760 ut
1452 727 1546 761 idem
1587 728 1659 762 fere
1700 730 1743 763 sit
1784 729 1876 776 quod

284 788 431 811 currere,
459 777 621 821 equitare,
647 776 774 814 volare,
802 777 977 821 mviqare,
1004 776 1141 810 similia.
1197 777 1299 824 Atqui
1331 776 1432 810 verba
1465 777 1672 825 deponentia
1701 779 1745 812 de
1767 779 1877 813 activa

285 823 395 857 forma
425 825 603 872 participia
633 831 666 858 et
694 825 902 871 gerundium
931 838 1068 860 sumere
1095 832 1238 860 constat.
1289 827 1339 860 Ita
1367 828 1481 875 potius
1509 840 1524 861 a
1556 828 1661 862 verbo
1688 828 1877 876 deponenti

287 875 359 908 vehi
398 887 501 921 quam
528 887 544 907 a
577 874 681 907 vei-bo
711 875 930 909 intransitivo
968 877 1078 911 vehere
1118 876 1176 910 illa
1217 876 1365 910 deducta
1407 883 1496 910 sunt.
1549 878 1595 911 Et
1622 878 1877 912 substantivum

283 932 398 963 metor,
421 924 513 971 quod
543 930 725 971 utramque
754 926 931 959 notionem
960 926 1078 966 habet,
1105 933 1139 960 et
1165 927 1382 960 transitivam
1399 933 1432 960 et
1459 927 1734 968 intransitivam,
1761 928 1879 976 dupli-

283 974 332 1007 cis
362 980 413 1006 est
441 974 591 1019 originis.
644 974 707 1008 Cfr
736 976 857 1014 inveho,
887 976 1016 1010 invehor
1044 989 1124 1010 cum
1151 983 1227 1024 part
1264 989 1362 1024 praes.
1389 976 1513 1024 depon.
1542 978 1694 1012 invehens
1722 979 1878 1026 (quadri-

283 1023 351 1068 gis,
378 1024 576 1057 natantibus
604 1023 726 1064 beluis,
753 1024 848 1073 Cia).
901 1025 1035 1060 Eodem
1066 1026 1171 1060 modo
1198 1028 1356 1062 volventes
1384 1029 1465 1060 anni
1493 1028 1601 1074 (Virg.
1628 1028 1711 1062 Aen.
1737 1029 1763 1068 I,
1792 1027 1877 1075 934)

238 1111 240 1115 .
283 1085 351 1106 non
379 1079 458 1106 sunt
486 1075 580 1110 anni,
609 1076 666 1121 qui
692 1075 840 1114 volvunt,
881 1075 941 1108 sed
970 1078 1027 1122 qui
1052 1077 1227 1111 volvuntur
1253 1075 1318 1121 (cfr
1346 1076 1441 1122 Virg.
1469 1076 1509 1110 G.
1537 1077 1579 1116 ΙΙ,
1609 1077 1704 1123 409).
1756 1078 1876 1126 Neque

282 1122 383 1156 aliter
410 1124 506 1157 larda
530 1125 607 1171 (pro
634 1125 743 1170 tarde)
771 1125 930 1159 volventia
958 1126 1121 1172 plaustra,
1150 1126 1244 1173 Virg.
1259 1126 1300 1160 G.
1315 1126 1340 1165 l,
1374 1127 1459 1167 ‘1633
1487 1140 1571 1161 samu
1600 1131 1753 1167 rota-ntia,
1782 1129 1876 1175 Virg-

282 1175 365 1206 Aen.
393 1173 439 1213 X,
469 1173 549 1207 362).

381 1273 423 1306 V.
457 1271 508 1306 ¹14.
561 1273 646 1316 Quae
674 1273 708 1306 in
737 1274 934 1320 germanico
955 1286 1054 1308 versu
1072 1274 1160 1309 inest
1187 1276 1385 1316 antithesis,
1412 1289 1507 1316 eam,
1535 1289 1644 1324 quum
1672 1289 1741 1311 non
1769 1277 1876 1325 possit

281 1321 325 1356 ad
357 1322 502 1357 verbum
531 1324 699 1370 exprimi,
739 1323 841 1371 paulo
867 1323 968 1358 aliter
1001 1324 1143 1359 reddidi
1178 1325 1395 1374 opponendis
1429 1327 1521 1361 inter
1554 1327 1631 1375 ipsa
1663 1326 1777 1361 verbis
1804 1327 1877 1361 dis-

282 1372 443 1407 trahendi
472 1379 506 1407 et
533 1373 706 1422 jungendi.
758 1372 821 1407 Cfr
848 1374 912 1408 Ov.
940 1375 1019 1409 Met.
1045 1375 1071 1415 I,
1100 1374 1164 1409 25:

679 1424 865 1458 Dissoeiata
893 1425 971 1459 locis
999 1425 1149 1460 concordi
1172 1438 1252 1473 pace
1279 1425 1406 1472 liqavit.

381 1522 422 1555 V.
453 1521 509 1561 53,
539 1520 594 1555 54.
647 1523 800 1557 Mentiris
827 1524 994 1571 olympum
1010 1524 1072 1558 &c.
1099 1524 1120 1558 i.
1147 1537 1174 1558 e.
1205 1538 1308 1573 qnam
1337 1523 1471 1572 olympi
1492 1524 1545 1558 vel
1573 1524 1659 1559 coeli
1687 1526 1874 1571 imaginem

281 1570 417 1611 reddis,
457 1583 526 1605 non
554 1584 590 1605 ea
620 1584 698 1605 vera
729 1573 816 1607 coeli
851 1580 903 1607 est
942 1572 1064 1615 facies;
1105 1574 1191 1608 mihi
1220 1576 1313 1609 enim
1342 1586 1405 1622 pro
1431 1574 1574 1608 caerulea
1602 1576 1698 1622 nigra
1729 1575 1876 1610 videtur.

281 1622 408 1655 Coerula
437 1624 591 1668 niyrant;
619 1634 831 1669 oxymoron,
865 1622 977 1671 quod,
1017 1625 1045 1658 si
1073 1637 1140 1658 non
1169 1631 1240 1659 tam
1267 1637 1486 1673 expressum,
1526 1631 1678 1659 attamen
1705 1626 1810 1660 etiam
1839 1627 1874 1660 in

279 1683 477 1716 germanico
507 1683 605 1705 versu
634 1672 733 1705 inest.

380 1769 421 1802 V.
451 1767 507 1803 64.
561 1770 742 1804 Particulae
782 1785 840 1818 que
879 1773 1001 1820 quinto
1040 1773 1286 1807 enuntiationis
1316 1773 1481 1808 vocabulo
1519 1774 1633 1808 affixae
1673 1773 1873 1822 exemplum

280 1818 455 1852 invenitur
484 1819 614 1854 Tibult.
642 1821 684 1860 H,
714 1821 745 1861 ὃ,
773 1822 829 1855 72.

380 1919 421 1952 V.
456 1919 530 1952 422.
586 1920 683 1954 Dives
713 1935 808 1967 onyx.
863 1922 930 1955 Pro
957 1922 1119 1970 sapphiro
1148 1921 1214 1956 levi
1251 1923 1440 1957 mutatione
1480 1923 1650 1970 onychem
1693 1922 1874 1963 substitui,

281 1980 348 2014 quo
376 1967 485 2001 lenius
517 1981 633 2002 versus
661 1978 825 2004 curreret.
878 1972 1045 2005 Praeterea
1075 1979 1195 2006 notum
1223 1979 1274 2006 est
1303 1972 1456 2020 lapidum
1499 1986 1784 2022 gemmarumque
1812 1986 1872 2007 no-

281 2018 373 2051 mina
402 2018 493 2066 apud
525 2025 656 2052 veteres
684 2020 746 2054 alia
776 2034 898 2068 genera
926 2022 1133 2069 significasse
1161 2028 1263 2070 atque
1290 2022 1380 2072 apud
1411 2023 1626 2057 recentiores.
