<?xml version="1.0" encoding="UTF-8"?>
<!DOCTYPE html PUBLIC "-//W3C//DTD XHTML 1.0 Transitional//EN"
    "http://www.w3.org/TR/xhtml1/DTD/xhtml1-transitional.dtd">
<html xmlns="http://www.w3.org/1999/xhtml" xml:lang="en" lang="en">
 <head>
  <title>
</title>
<meta http-equiv="Content-Type" content="text/html;charset=utf-8" />
  <meta name='ocr-system' content='tesseract 3.04.00' />
  <meta name='ocr-capabilities' content='ocr_page ocr_carea ocr_par ocr_line ocrx_word'/>
</head>
<body>
  <div class='ocr_page' id='page_1' title='image "./elegiaeduae00goetuoft_0007.png"; bbox 0 0 2000 2381; ppageno 0'>
   <div class='ocr_carea' id='block_1_1' title="bbox 147 755 1725 2052">
    <p class='ocr_par' dir='ltr' id='par_1_1' title="bbox 147 755 1725 2052">
     <span class='ocr_line' id='line_1_1' title="bbox 152 755 1720 819; baseline -0.001 -13"><span class='ocrx_word' id='word_1_1' title='bbox 152 755 195 810; x_wconf 79' lang='lat' dir='ltr'>Si</span> <span class='ocrx_word' id='word_1_2' title='bbox 223 771 346 806; x_wconf 86' lang='lat' dir='ltr'>melius</span> <span class='ocrx_word' id='word_1_3' title='bbox 371 778 405 805; x_wconf 91' lang='lat' dir='ltr'>et</span> <span class='ocrx_word' id='word_1_4' title='bbox 432 770 656 818; x_wconf 84' lang='lat' dir='ltr'><strong>intelligimus</strong></span> <span class='ocrx_word' id='word_1_5' title='bbox 683 777 717 805; x_wconf 86' lang='lat' dir='ltr'>et</span> <span class='ocrx_word' id='word_1_6' title='bbox 744 772 908 806; x_wconf 86' lang='lat' dir='ltr'>memoria</span> <span class='ocrx_word' id='word_1_7' title='bbox 937 777 1110 811; x_wconf 88' lang='lat' dir='ltr'>tenemus,</span> <span class='ocrx_word' id='word_1_8' title='bbox 1149 783 1224 819; x_wconf 87' lang='lat' dir='ltr'>quae</span> <span class='ocrx_word' id='word_1_9' title='bbox 1258 771 1323 819; x_wconf 91' lang='lat' dir='ltr'>ipsi</span> <span class='ocrx_word' id='word_1_10' title='bbox 1357 783 1418 805; x_wconf 87' lang='lat' dir='ltr'>usu</span> <span class='ocrx_word' id='word_1_11' title='bbox 1452 770 1616 805; x_wconf 81' lang='lat' dir='ltr'>habemus</span> <span class='ocrx_word' id='word_1_12' title='bbox 1642 783 1720 819; x_wconf 88' lang='lat' dir='ltr'>per-</span> 
     </span>
     <span class='ocr_line' id='line_1_2' title="bbox 151 829 1718 880; baseline -0.001 -15"><span class='ocrx_word' id='word_1_13' title='bbox 151 837 264 880; x_wconf 87' lang='lat' dir='ltr'>cepta,</span> <span class='ocrx_word' id='word_1_14' title='bbox 302 844 406 879; x_wconf 88' lang='lat' dir='ltr'>quam</span> <span class='ocrx_word' id='word_1_15' title='bbox 440 843 515 878; x_wconf 86' lang='lat' dir='ltr'>quae</span> <span class='ocrx_word' id='word_1_16' title='bbox 550 829 654 864; x_wconf 87' lang='lat' dir='ltr'>fando</span> <span class='ocrx_word' id='word_1_17' title='bbox 688 829 798 864; x_wconf 87' lang='lat' dir='ltr'>solum</span> <span class='ocrx_word' id='word_1_18' title='bbox 826 836 883 864; x_wconf 85' lang='lat' dir='ltr'>aut</span> <span class='ocrx_word' id='word_1_19' title='bbox 911 829 1054 876; x_wconf 87' lang='lat' dir='ltr'>legendo</span> <span class='ocrx_word' id='word_1_20' title='bbox 1081 831 1319 877; x_wconf 85' lang='lat' dir='ltr'>cognovimus,</span> <span class='ocrx_word' id='word_1_21' title='bbox 1358 829 1395 864; x_wconf 89' lang='lat' dir='ltr'>id</span> <span class='ocrx_word' id='word_1_22' title='bbox 1422 836 1472 864; x_wconf 90' lang='lat' dir='ltr'>est</span> <span class='ocrx_word' id='word_1_23' title='bbox 1500 829 1718 864; x_wconf 86' lang='lat' dir='ltr'>verissimum</span> 
     </span>
     <span class='ocr_line' id='line_1_3' title="bbox 151 888 1719 937; baseline -0.001 -13"><span class='ocrx_word' id='word_1_24' title='bbox 151 903 217 924; x_wconf 90' lang='lat' dir='ltr'>non</span> <span class='ocrx_word' id='word_1_25' title='bbox 252 903 324 924; x_wconf 87' lang='lat' dir='ltr'>esse</span> <span class='ocrx_word' id='word_1_26' title='bbox 357 888 400 923; x_wconf 88' lang='lat' dir='ltr'>ad</span> <span class='ocrx_word' id='word_1_27' title='bbox 434 888 585 935; x_wconf 76' lang='lat' dir='ltr'>linguam</span> <span class='ocrx_word' id='word_1_28' title='bbox 619 888 770 936; x_wconf 80' lang='lat' dir='ltr'>aliquam</span> <span class='ocrx_word' id='word_1_29' title='bbox 809 888 1072 936; x_wconf 79' lang='lat' dir='ltr'>perdiscendam</span> <span class='ocrx_word' id='word_1_30' title='bbox 1113 888 1253 922; x_wconf 85' lang='lat' dir='ltr'>brevius</span> <span class='ocrx_word' id='word_1_31' title='bbox 1286 889 1360 928; x_wconf 88' lang='lat' dir='ltr'>iter,</span> <span class='ocrx_word' id='word_1_32' title='bbox 1399 901 1501 936; x_wconf 82' lang='lat' dir='ltr'>quam</span> <span class='ocrx_word' id='word_1_33' title='bbox 1527 889 1555 922; x_wconf 90' lang='lat' dir='ltr'>si</span> <span class='ocrx_word' id='word_1_34' title='bbox 1584 889 1654 937; x_wconf 88' lang='lat' dir='ltr'>ipse</span> <span class='ocrx_word' id='word_1_35' title='bbox 1682 901 1719 922; x_wconf 87' lang='lat' dir='ltr'>ea</span> 
     </span>
     <span class='ocr_line' id='line_1_4' title="bbox 150 946 1720 997; baseline -0.001 -14"><span class='ocrx_word' id='word_1_36' title='bbox 150 948 281 997; x_wconf 84' lang='lat' dir='ltr'>aliquid</span> <span class='ocrx_word' id='word_1_37' title='bbox 309 947 524 982; x_wconf 77' lang='lat' dir='ltr'>conscribere</span> <span class='ocrx_word' id='word_1_38' title='bbox 552 952 690 980; x_wconf 85' lang='lat' dir='ltr'>conatus</span> <span class='ocrx_word' id='word_1_39' title='bbox 717 947 772 981; x_wconf 89' lang='lat' dir='ltr'>sis.</span> <span class='ocrx_word' id='word_1_40' title='bbox 806 946 879 980; x_wconf 89' lang='lat' dir='ltr'>Hoc</span> <span class='ocrx_word' id='word_1_41' title='bbox 905 948 933 980; x_wconf 89' lang='lat' dir='ltr'>si</span> <span class='ocrx_word' id='word_1_42' title='bbox 961 948 996 981; x_wconf 87' lang='lat' dir='ltr'>in</span> <span class='ocrx_word' id='word_1_43' title='bbox 1023 947 1218 981; x_wconf 86' lang='lat' dir='ltr'>universam</span> <span class='ocrx_word' id='word_1_44' title='bbox 1247 947 1397 995; x_wconf 79' lang='lat' dir='ltr'>linguam</span> <span class='ocrx_word' id='word_1_45' title='bbox 1416 946 1518 987; x_wconf 83' lang='lat' dir='ltr'>valet,</span> <span class='ocrx_word' id='word_1_46' title='bbox 1544 947 1579 981; x_wconf 91' lang='lat' dir='ltr'>in</span> <span class='ocrx_word' id='word_1_47' title='bbox 1607 947 1720 994; x_wconf 84' lang='lat' dir='ltr'>singu-</span> 
     </span>
     <span class='ocr_line' id='line_1_5' title="bbox 150 1006 1720 1055; baseline 0 -15"><span class='ocrx_word' id='word_1_48' title='bbox 150 1006 198 1041; x_wconf 83' lang='lat' dir='ltr'>las</span> <span class='ocrx_word' id='word_1_49' title='bbox 226 1013 338 1055; x_wconf 85' lang='lat' dir='ltr'>partes</span> <span class='ocrx_word' id='word_1_50' title='bbox 365 1018 498 1054; x_wconf 88' lang='lat' dir='ltr'>quoque</span> <span class='ocrx_word' id='word_1_51' title='bbox 525 1018 634 1053; x_wconf 88' lang='lat' dir='ltr'>neque</span> <span class='ocrx_word' id='word_1_52' title='bbox 662 1007 769 1052; x_wconf 80' lang='lat' dir='ltr'>magis</span> <span class='ocrx_word' id='word_1_53' title='bbox 801 1007 836 1040; x_wconf 90' lang='lat' dir='ltr'>in</span> <span class='ocrx_word' id='word_1_54' title='bbox 863 1018 998 1054; x_wconf 78' lang='lat' dir='ltr'>prosam</span> <span class='ocrx_word' id='word_1_55' title='bbox 1026 1006 1214 1040; x_wconf 86' lang='lat' dir='ltr'>orationem</span> <span class='ocrx_word' id='word_1_56' title='bbox 1241 1019 1345 1054; x_wconf 87' lang='lat' dir='ltr'>quam</span> <span class='ocrx_word' id='word_1_57' title='bbox 1377 1006 1414 1040; x_wconf 92' lang='lat' dir='ltr'>in</span> <span class='ocrx_word' id='word_1_58' title='bbox 1441 1019 1557 1041; x_wconf 88' lang='lat' dir='ltr'>versus</span> <span class='ocrx_word' id='word_1_59' title='bbox 1584 1019 1720 1041; x_wconf 88' lang='lat' dir='ltr'>necesse</span> 
     </span>
     <span class='ocr_line' id='line_1_6' title="bbox 150 1063 1720 1112; baseline 0 -13"><span class='ocrx_word' id='word_1_60' title='bbox 150 1072 201 1099; x_wconf 87' lang='lat' dir='ltr'>est</span> <span class='ocrx_word' id='word_1_61' title='bbox 232 1065 348 1099; x_wconf 80' lang='lat' dir='ltr'>valeat.</span> <span class='ocrx_word' id='word_1_62' title='bbox 400 1064 574 1112; x_wconf 75' lang='lat' dir='ltr'>Praecipue</span> <span class='ocrx_word' id='word_1_63' title='bbox 603 1064 638 1098; x_wconf 92' lang='lat' dir='ltr'>in</span> <span class='ocrx_word' id='word_1_64' title='bbox 665 1065 706 1098; x_wconf 82' lang='lat' dir='ltr'>iis</span> <span class='ocrx_word' id='word_1_65' title='bbox 732 1063 857 1112; x_wconf 83' lang='lat' dir='ltr'>linguis</span> <span class='ocrx_word' id='word_1_66' title='bbox 885 1064 929 1098; x_wconf 83' lang='lat' dir='ltr'>ita</span> <span class='ocrx_word' id='word_1_67' title='bbox 957 1077 991 1098; x_wconf 91' lang='lat' dir='ltr'>se</span> <span class='ocrx_word' id='word_1_68' title='bbox 1018 1078 1072 1098; x_wconf 86' lang='lat' dir='ltr'>res</span> <span class='ocrx_word' id='word_1_69' title='bbox 1099 1064 1218 1103; x_wconf 78' lang='lat' dir='ltr'>hahet,</span> <span class='ocrx_word' id='word_1_70' title='bbox 1251 1064 1310 1099; x_wconf 86' lang='lat' dir='ltr'>ubi</span> <span class='ocrx_word' id='word_1_71' title='bbox 1339 1072 1428 1099; x_wconf 84' lang='lat' dir='ltr'>tanta</span> <span class='ocrx_word' id='word_1_72' title='bbox 1456 1072 1507 1099; x_wconf 90' lang='lat' dir='ltr'>est</span> <span class='ocrx_word' id='word_1_73' title='bbox 1534 1066 1623 1099; x_wconf 88' lang='lat' dir='ltr'>inter</span> <span class='ocrx_word' id='word_1_74' title='bbox 1648 1065 1720 1099; x_wconf 85' lang='lat' dir='ltr'>haec</span> 
     </span>
     <span class='ocr_line' id='line_1_7' title="bbox 148 1123 1722 1171; baseline 0.001 -14"><span class='ocrx_word' id='word_1_75' title='bbox 148 1136 270 1169; x_wconf 80' lang='lat' dir='ltr'>genera</span> <span class='ocrx_word' id='word_1_76' title='bbox 297 1123 510 1163; x_wconf 81' lang='lat' dir='ltr'>differentia,</span> <span class='ocrx_word' id='word_1_77' title='bbox 543 1129 667 1170; x_wconf 87' lang='lat' dir='ltr'>quanta</span> <span class='ocrx_word' id='word_1_78' title='bbox 702 1129 752 1157; x_wconf 86' lang='lat' dir='ltr'>est</span> <span class='ocrx_word' id='word_1_79' title='bbox 780 1124 814 1157; x_wconf 88' lang='lat' dir='ltr'>in</span> <span class='ocrx_word' id='word_1_80' title='bbox 848 1123 953 1157; x_wconf 88' lang='lat' dir='ltr'>latino</span> <span class='ocrx_word' id='word_1_81' title='bbox 980 1136 1146 1158; x_wconf 87' lang='lat' dir='ltr'>sermone.</span> <span class='ocrx_word' id='word_1_82' title='bbox 1199 1123 1351 1158; x_wconf 88' lang='lat' dir='ltr'>Tantum</span> <span class='ocrx_word' id='word_1_83' title='bbox 1394 1124 1496 1171; x_wconf 80' lang='lat' dir='ltr'>igitur</span> <span class='ocrx_word' id='word_1_84' title='bbox 1535 1123 1647 1164; x_wconf 87' lang='lat' dir='ltr'>abest,</span> <span class='ocrx_word' id='word_1_85' title='bbox 1685 1130 1722 1158; x_wconf 90' lang='lat' dir='ltr'>ut</span> 
     </span>
     <span class='ocr_line' id='line_1_8' title="bbox 149 1181 1722 1231; baseline 0.001 -16"><span class='ocrx_word' id='word_1_86' title='bbox 149 1194 288 1230; x_wconf 81' lang='lat' dir='ltr'>operam</span> <span class='ocrx_word' id='word_1_87' title='bbox 322 1183 358 1216; x_wconf 88' lang='lat' dir='ltr'>in</span> <span class='ocrx_word' id='word_1_88' title='bbox 392 1181 506 1216; x_wconf 81' lang='lat' dir='ltr'>latinis</span> <span class='ocrx_word' id='word_1_89' title='bbox 535 1181 689 1215; x_wconf 87' lang='lat' dir='ltr'>versibus</span> <span class='ocrx_word' id='word_1_90' title='bbox 729 1181 977 1230; x_wconf 85' lang='lat' dir='ltr'>componendis</span> <span class='ocrx_word' id='word_1_91' title='bbox 1017 1189 1256 1231; x_wconf 78' lang='lat' dir='ltr'>consumptam</span> <span class='ocrx_word' id='word_1_92' title='bbox 1296 1184 1531 1218; x_wconf 83' lang='lat' dir='ltr'>existimemus</span> <span class='ocrx_word' id='word_1_93' title='bbox 1571 1183 1722 1231; x_wconf 84' lang='lat' dir='ltr'>periisse,</span> 
     </span>
     <span class='ocr_line' id='line_1_9' title="bbox 148 1240 1721 1289; baseline 0.003 -16"><span class='ocrx_word' id='word_1_94' title='bbox 148 1246 186 1273; x_wconf 90' lang='lat' dir='ltr'>ut</span> <span class='ocrx_word' id='word_1_95' title='bbox 213 1241 261 1280; x_wconf 86' lang='lat' dir='ltr'>ei,</span> <span class='ocrx_word' id='word_1_96' title='bbox 300 1243 393 1289; x_wconf 89' lang='lat' dir='ltr'>cujus</span> <span class='ocrx_word' id='word_1_97' title='bbox 420 1241 556 1274; x_wconf 88' lang='lat' dir='ltr'>intersit</span> <span class='ocrx_word' id='word_1_98' title='bbox 584 1241 642 1275; x_wconf 86' lang='lat' dir='ltr'>has</span> <span class='ocrx_word' id='word_1_99' title='bbox 670 1240 785 1274; x_wconf 79' lang='lat' dir='ltr'>literas</span> <span class='ocrx_word' id='word_1_100' title='bbox 812 1253 880 1274; x_wconf 89' lang='lat' dir='ltr'>non</span> <span class='ocrx_word' id='word_1_101' title='bbox 916 1241 1136 1275; x_wconf 77' lang='lat' dir='ltr'>mediocriter</span> <span class='ocrx_word' id='word_1_102' title='bbox 1171 1247 1333 1282; x_wconf 85' lang='lat' dir='ltr'>tractare,</span> <span class='ocrx_word' id='word_1_103' title='bbox 1370 1242 1473 1276; x_wconf 85' lang='lat' dir='ltr'>etiam</span> <span class='ocrx_word' id='word_1_104' title='bbox 1500 1242 1721 1277; x_wconf 79' lang='lat' dir='ltr'>utilissimam</span> 
     </span>
     <span class='ocr_line' id='line_1_10' title="bbox 149 1298 1721 1348; baseline 0.002 -16"><span class='ocrx_word' id='word_1_105' title='bbox 149 1311 220 1333; x_wconf 85' lang='lat' dir='ltr'>esse</span> <span class='ocrx_word' id='word_1_106' title='bbox 249 1299 448 1347; x_wconf 84' lang='lat' dir='ltr'>judicemus.</span> <span class='ocrx_word' id='word_1_107' title='bbox 500 1299 721 1333; x_wconf 83' lang='lat' dir='ltr'>Manifestum</span> <span class='ocrx_word' id='word_1_108' title='bbox 748 1304 799 1332; x_wconf 85' lang='lat' dir='ltr'>est</span> <span class='ocrx_word' id='word_1_109' title='bbox 832 1299 903 1333; x_wconf 80' lang='lat' dir='ltr'>liaec</span> <span class='ocrx_word' id='word_1_110' title='bbox 942 1298 1011 1333; x_wconf 86' lang='lat' dir='ltr'>dici</span> <span class='ocrx_word' id='word_1_111' title='bbox 1045 1312 1112 1333; x_wconf 90' lang='lat' dir='ltr'>non</span> <span class='ocrx_word' id='word_1_112' title='bbox 1146 1300 1190 1334; x_wconf 88' lang='lat' dir='ltr'>de</span> <span class='ocrx_word' id='word_1_113' title='bbox 1223 1301 1344 1348; x_wconf 90' lang='lat' dir='ltr'>quovis</span> <span class='ocrx_word' id='word_1_114' title='bbox 1383 1300 1504 1334; x_wconf 83' lang='lat' dir='ltr'>barum</span> <span class='ocrx_word' id='word_1_115' title='bbox 1544 1301 1721 1335; x_wconf 86' lang='lat' dir='ltr'>literarum</span> 
     </span>
     <span class='ocr_line' id='line_1_11' title="bbox 149 1356 1722 1406; baseline 0.001 -15"><span class='ocrx_word' id='word_1_116' title='bbox 149 1357 314 1406; x_wconf 77' lang='lat' dir='ltr'>hujusque</span> <span class='ocrx_word' id='word_1_117' title='bbox 342 1358 452 1406; x_wconf 73' lang='lat' dir='ltr'>poesis</span> <span class='ocrx_word' id='word_1_118' title='bbox 478 1364 645 1395; x_wconf 87' lang='lat' dir='ltr'>amatore,</span> <span class='ocrx_word' id='word_1_119' title='bbox 686 1357 745 1391; x_wconf 87' lang='lat' dir='ltr'>sed</span> <span class='ocrx_word' id='word_1_120' title='bbox 774 1357 817 1391; x_wconf 88' lang='lat' dir='ltr'>de</span> <span class='ocrx_word' id='word_1_121' title='bbox 844 1356 930 1397; x_wconf 90' lang='lat' dir='ltr'>illis,</span> <span class='ocrx_word' id='word_1_122' title='bbox 968 1358 1026 1405; x_wconf 90' lang='lat' dir='ltr'>qui</span> <span class='ocrx_word' id='word_1_123' title='bbox 1054 1357 1305 1406; x_wconf 84' lang='lat' dir='ltr'>philologorum</span> <span class='ocrx_word' id='word_1_124' title='bbox 1333 1360 1472 1393; x_wconf 87' lang='lat' dir='ltr'>nomine</span> <span class='ocrx_word' id='word_1_125' title='bbox 1499 1360 1609 1394; x_wconf 89' lang='lat' dir='ltr'>ornati</span> <span class='ocrx_word' id='word_1_126' title='bbox 1634 1359 1722 1394; x_wconf 86' lang='lat' dir='ltr'>hanc</span> 
     </span>
     <span class='ocr_line' id='line_1_12' title="bbox 150 1414 1722 1464; baseline 0.003 -16"><span class='ocrx_word' id='word_1_127' title='bbox 150 1414 369 1463; x_wconf 80' lang='lat' dir='ltr'>disciplinam</span> <span class='ocrx_word' id='word_1_128' title='bbox 403 1416 469 1451; x_wconf 90' lang='lat' dir='ltr'>sibi</span> <span class='ocrx_word' id='word_1_129' title='bbox 502 1417 677 1464; x_wconf 83' lang='lat' dir='ltr'>propriam</span> <span class='ocrx_word' id='word_1_130' title='bbox 705 1423 942 1464; x_wconf 85' lang='lat' dir='ltr'>sumpserunt,</span> <span class='ocrx_word' id='word_1_131' title='bbox 981 1417 1015 1450; x_wconf 92' lang='lat' dir='ltr'>in</span> <span class='ocrx_word' id='word_1_132' title='bbox 1043 1430 1108 1464; x_wconf 84' lang='lat' dir='ltr'>qua</span> <span class='ocrx_word' id='word_1_133' title='bbox 1136 1416 1358 1451; x_wconf 79' lang='lat' dir='ltr'>elaborarent.</span> <span class='ocrx_word' id='word_1_134' title='bbox 1410 1416 1481 1451; x_wconf 86' lang='lat' dir='ltr'>Illis</span> <span class='ocrx_word' id='word_1_135' title='bbox 1508 1419 1618 1458; x_wconf 86' lang='lat' dir='ltr'>enim,</span> <span class='ocrx_word' id='word_1_136' title='bbox 1656 1418 1722 1452; x_wconf 87' lang='lat' dir='ltr'>nisi</span> 
     </span>
     <span class='ocr_line' id='line_1_13' title="bbox 150 1473 1721 1525; baseline 0.002 -18"><span class='ocrx_word' id='word_1_137' title='bbox 150 1487 226 1522; x_wconf 80' lang='lat' dir='ltr'>quae</span> <span class='ocrx_word' id='word_1_138' title='bbox 253 1475 417 1521; x_wconf 80' lang='lat' dir='ltr'>cognitio,</span> <span class='ocrx_word' id='word_1_139' title='bbox 443 1474 577 1509; x_wconf 87' lang='lat' dir='ltr'>assidua</span> <span class='ocrx_word' id='word_1_140' title='bbox 606 1473 750 1508; x_wconf 86' lang='lat' dir='ltr'>lectione</span> <span class='ocrx_word' id='word_1_141' title='bbox 778 1481 987 1522; x_wconf 84' lang='lat' dir='ltr'>comparata,</span> <span class='ocrx_word' id='word_1_142' title='bbox 1026 1476 1162 1510; x_wconf 85' lang='lat' dir='ltr'>assiduo</span> <span class='ocrx_word' id='word_1_143' title='bbox 1189 1475 1268 1509; x_wconf 91' lang='lat' dir='ltr'>stilo</span> <span class='ocrx_word' id='word_1_144' title='bbox 1296 1475 1543 1516; x_wconf 84' lang='lat' dir='ltr'>corroboretur,</span> <span class='ocrx_word' id='word_1_145' title='bbox 1570 1489 1638 1510; x_wconf 90' lang='lat' dir='ltr'>non</span> <span class='ocrx_word' id='word_1_146' title='bbox 1663 1489 1721 1525; x_wconf 92' lang='lat' dir='ltr'>po-</span> 
     </span>
     <span class='ocr_line' id='line_1_14' title="bbox 149 1532 1721 1584; baseline 0.002 -18"><span class='ocrx_word' id='word_1_147' title='bbox 149 1533 230 1566; x_wconf 89' lang='lat' dir='ltr'>terit</span> <span class='ocrx_word' id='word_1_148' title='bbox 257 1532 470 1576; x_wconf 83' lang='lat' dir='ltr'>satisfacere3</span> <span class='ocrx_word' id='word_1_149' title='bbox 498 1546 608 1581; x_wconf 87' lang='lat' dir='ltr'>neque</span> <span class='ocrx_word' id='word_1_150' title='bbox 635 1546 732 1573; x_wconf 90' lang='lat' dir='ltr'>eum,</span> <span class='ocrx_word' id='word_1_151' title='bbox 759 1535 817 1581; x_wconf 89' lang='lat' dir='ltr'>qui</span> <span class='ocrx_word' id='word_1_152' title='bbox 844 1539 952 1568; x_wconf 85' lang='lat' dir='ltr'>artem</span> <span class='ocrx_word' id='word_1_153' title='bbox 981 1534 1154 1582; x_wconf 86' lang='lat' dir='ltr'>quandam</span> <span class='ocrx_word' id='word_1_154' title='bbox 1170 1534 1360 1583; x_wconf 88' lang='lat' dir='ltr'>profitetur,</span> <span class='ocrx_word' id='word_1_155' title='bbox 1386 1536 1420 1568; x_wconf 90' lang='lat' dir='ltr'>iu</span> <span class='ocrx_word' id='word_1_156' title='bbox 1450 1534 1515 1569; x_wconf 87' lang='lat' dir='ltr'>ulla</span> <span class='ocrx_word' id='word_1_157' title='bbox 1531 1538 1600 1584; x_wconf 80' lang='lat' dir='ltr'>ejus</span> <span class='ocrx_word' id='word_1_158' title='bbox 1626 1542 1721 1584; x_wconf 84' lang='lat' dir='ltr'>parte</span> 
     </span>
     <span class='ocr_line' id='line_1_15' title="bbox 149 1591 1722 1643; baseline 0.002 -18"><span class='ocrx_word' id='word_1_159' title='bbox 149 1591 249 1625; x_wconf 86' lang='lat' dir='ltr'>decet</span> <span class='ocrx_word' id='word_1_160' title='bbox 290 1604 362 1625; x_wconf 84' lang='lat' dir='ltr'>esse</span> <span class='ocrx_word' id='word_1_161' title='bbox 402 1592 674 1626; x_wconf 87' lang='lat' dir='ltr'>inexercitatum.</span> <span class='ocrx_word' id='word_1_162' title='bbox 726 1591 845 1640; x_wconf 80' lang='lat' dir='ltr'>Neque</span> <span class='ocrx_word' id='word_1_163' title='bbox 882 1599 995 1626; x_wconf 88' lang='lat' dir='ltr'>tamen</span> <span class='ocrx_word' id='word_1_164' title='bbox 1029 1593 1091 1627; x_wconf 82' lang='lat' dir='ltr'>hoc</span> <span class='ocrx_word' id='word_1_165' title='bbox 1123 1593 1201 1628; x_wconf 88' lang='lat' dir='ltr'>ideo</span> <span class='ocrx_word' id='word_1_166' title='bbox 1242 1593 1412 1643; x_wconf 87' lang='lat' dir='ltr'>jubemus,</span> <span class='ocrx_word' id='word_1_167' title='bbox 1452 1593 1545 1641; x_wconf 86' lang='lat' dir='ltr'>quod</span> <span class='ocrx_word' id='word_1_168' title='bbox 1578 1593 1722 1628; x_wconf 85' lang='lat' dir='ltr'>alteram</span> 
     </span>
     <span class='ocr_line' id='line_1_16' title="bbox 149 1649 1722 1701; baseline 0.002 -18"><span class='ocrx_word' id='word_1_169' title='bbox 149 1650 280 1698; x_wconf 70' lang='lat' dir='ltr'>poesim</span> <span class='ocrx_word' id='word_1_170' title='bbox 309 1649 496 1684; x_wconf 81' lang='lat' dir='ltr'>Romanam</span> <span class='ocrx_word' id='word_1_171' title='bbox 521 1652 683 1685; x_wconf 82' lang='lat' dir='ltr'>exsistere</span> <span class='ocrx_word' id='word_1_172' title='bbox 711 1663 808 1699; x_wconf 86' lang='lat' dir='ltr'>posse</span> <span class='ocrx_word' id='word_1_173' title='bbox 841 1657 1000 1699; x_wconf 80' lang='lat' dir='ltr'>putemus</span> <span class='ocrx_word' id='word_1_174' title='bbox 1027 1651 1077 1686; x_wconf 88' lang='lat' dir='ltr'>illi</span> <span class='ocrx_word' id='word_1_175' title='bbox 1114 1654 1282 1701; x_wconf 84' lang='lat' dir='ltr'>superiori</span> <span class='ocrx_word' id='word_1_176' title='bbox 1308 1652 1483 1700; x_wconf 51' lang='lat' dir='ltr'>aequalem.</span> <span class='ocrx_word' id='word_1_177' title='bbox 1536 1651 1625 1687; x_wconf 87' lang='lat' dir='ltr'>Tam</span> <span class='ocrx_word' id='word_1_178' title='bbox 1651 1659 1722 1687; x_wconf 87' lang='lat' dir='ltr'>arta</span> 
     </span>
     <span class='ocr_line' id='line_1_17' title="bbox 149 1704 1723 1761; baseline 0.003 -20"><span class='ocrx_word' id='word_1_179' title='bbox 149 1714 201 1742; x_wconf 88' lang='lat' dir='ltr'>est</span> <span class='ocrx_word' id='word_1_180' title='bbox 227 1704 321 1742; x_wconf 87' lang='lat' dir='ltr'>enim</span> <span class='ocrx_word' id='word_1_181' title='bbox 356 1709 578 1743; x_wconf 83' lang='lat' dir='ltr'>humanitatis</span> <span class='ocrx_word' id='word_1_182' title='bbox 605 1716 639 1743; x_wconf 90' lang='lat' dir='ltr'>et</span> <span class='ocrx_word' id='word_1_183' title='bbox 665 1710 834 1744; x_wconf 85' lang='lat' dir='ltr'>sermonis</span> <span class='ocrx_word' id='word_1_184' title='bbox 875 1710 963 1743; x_wconf 89' lang='lat' dir='ltr'>inter</span> <span class='ocrx_word' id='word_1_185' title='bbox 1001 1710 1090 1758; x_wconf 86' lang='lat' dir='ltr'>ipsas</span> <span class='ocrx_word' id='word_1_186' title='bbox 1118 1713 1327 1761; x_wconf 82' lang='lat' dir='ltr'>conjunctio,</span> <span class='ocrx_word' id='word_1_187' title='bbox 1366 1718 1402 1745; x_wconf 89' lang='lat' dir='ltr'>ut</span> <span class='ocrx_word' id='word_1_188' title='bbox 1428 1714 1588 1760; x_wconf 87' lang='lat' dir='ltr'>cujusque</span> <span class='ocrx_word' id='word_1_189' title='bbox 1614 1712 1723 1746; x_wconf 85' lang='lat' dir='ltr'>aetatis</span> 
     </span>
     <span class='ocr_line' id='line_1_18' title="bbox 148 1766 1723 1817; baseline 0.003 -17"><span class='ocrx_word' id='word_1_190' title='bbox 148 1766 334 1815; x_wconf 87' lang='lat' dir='ltr'>populique</span> <span class='ocrx_word' id='word_1_191' title='bbox 372 1780 486 1801; x_wconf 91' lang='lat' dir='ltr'>mores</span> <span class='ocrx_word' id='word_1_192' title='bbox 521 1774 554 1802; x_wconf 92' lang='lat' dir='ltr'>et</span> <span class='ocrx_word' id='word_1_193' title='bbox 591 1768 740 1802; x_wconf 79' lang='lat' dir='ltr'>eruditio</span> <span class='ocrx_word' id='word_1_194' title='bbox 778 1768 821 1802; x_wconf 81' lang='lat' dir='ltr'>ad</span> <span class='ocrx_word' id='word_1_195' title='bbox 862 1768 968 1816; x_wconf 90' lang='lat' dir='ltr'>ipsius</span> <span class='ocrx_word' id='word_1_196' title='bbox 1007 1772 1175 1805; x_wconf 87' lang='lat' dir='ltr'>sermonis</span> <span class='ocrx_word' id='word_1_197' title='bbox 1199 1771 1354 1805; x_wconf 86' lang='lat' dir='ltr'>habitum</span> <span class='ocrx_word' id='word_1_198' title='bbox 1382 1770 1549 1817; x_wconf 89' lang='lat' dir='ltr'>pertineat</span> <span class='ocrx_word' id='word_1_199' title='bbox 1576 1782 1723 1817; x_wconf 89' lang='lat' dir='ltr'>eumque</span> 
     </span>
     <span class='ocr_line' id='line_1_19' title="bbox 147 1825 1725 1878; baseline 0.002 -19"><span class='ocrx_word' id='word_1_200' title='bbox 147 1825 191 1859; x_wconf 81' lang='lat' dir='ltr'>ad</span> <span class='ocrx_word' id='word_1_201' title='bbox 219 1838 318 1859; x_wconf 86' lang='lat' dir='ltr'>suum</span> <span class='ocrx_word' id='word_1_202' title='bbox 347 1839 445 1860; x_wconf 85' lang='lat' dir='ltr'>usum</span> <span class='ocrx_word' id='word_1_203' title='bbox 473 1827 576 1874; x_wconf 83' lang='lat' dir='ltr'>fingat</span> <span class='ocrx_word' id='word_1_204' title='bbox 601 1832 702 1874; x_wconf 84' lang='lat' dir='ltr'>atque</span> <span class='ocrx_word' id='word_1_205' title='bbox 729 1827 892 1861; x_wconf 85' lang='lat' dir='ltr'>instituat.</span> <span class='ocrx_word' id='word_1_206' title='bbox 944 1827 1029 1861; x_wconf 90' lang='lat' dir='ltr'>Inde</span> <span class='ocrx_word' id='word_1_207' title='bbox 1057 1828 1110 1868; x_wconf 83' lang='lat' dir='ltr'>fit,</span> <span class='ocrx_word' id='word_1_208' title='bbox 1137 1836 1174 1863; x_wconf 91' lang='lat' dir='ltr'>ut</span> <span class='ocrx_word' id='word_1_209' title='bbox 1194 1829 1348 1878; x_wconf 83' lang='lat' dir='ltr'>quisquis</span> <span class='ocrx_word' id='word_1_210' title='bbox 1370 1834 1481 1862; x_wconf 84' lang='lat' dir='ltr'>nostra</span> <span class='ocrx_word' id='word_1_211' title='bbox 1503 1833 1600 1862; x_wconf 82' lang='lat' dir='ltr'>aetate</span> <span class='ocrx_word' id='word_1_212' title='bbox 1620 1828 1725 1862; x_wconf 85' lang='lat' dir='ltr'>exsti-</span> 
     </span>
     <span class='ocr_line' id='line_1_20' title="bbox 150 1884 1724 1933; baseline 0.002 -16"><span class='ocrx_word' id='word_1_213' title='bbox 150 1884 230 1918; x_wconf 84' lang='lat' dir='ltr'>terit</span> <span class='ocrx_word' id='word_1_214' title='bbox 258 1885 368 1932; x_wconf 85' lang='lat' dir='ltr'>po&#39;e&#39;sis</span> <span class='ocrx_word' id='word_1_215' title='bbox 396 1884 516 1925; x_wconf 87' lang='lat' dir='ltr'>cultor,</span> <span class='ocrx_word' id='word_1_216' title='bbox 542 1885 614 1918; x_wconf 86' lang='lat' dir='ltr'>sive</span> <span class='ocrx_word' id='word_1_217' title='bbox 642 1884 803 1933; x_wconf 85' lang='lat' dir='ltr'>prodesse</span> <span class='ocrx_word' id='word_1_218' title='bbox 830 1886 901 1919; x_wconf 88' lang='lat' dir='ltr'>sive</span> <span class='ocrx_word' id='word_1_219' title='bbox 921 1886 993 1920; x_wconf 89' lang='lat' dir='ltr'>vult</span> <span class='ocrx_word' id='word_1_220' title='bbox 1020 1887 1207 1926; x_wconf 89' lang='lat' dir='ltr'>delectare,</span> <span class='ocrx_word' id='word_1_221' title='bbox 1233 1886 1276 1921; x_wconf 84' lang='lat' dir='ltr'>ad</span> <span class='ocrx_word' id='word_1_222' title='bbox 1304 1899 1383 1920; x_wconf 87' lang='lat' dir='ltr'>eum</span> <span class='ocrx_word' id='word_1_223' title='bbox 1404 1899 1599 1921; x_wconf 89' lang='lat' dir='ltr'>sermonem</span> <span class='ocrx_word' id='word_1_224' title='bbox 1626 1892 1724 1920; x_wconf 84' lang='lat' dir='ltr'>uten-</span> 
     </span>
     <span class='ocr_line' id='line_1_21' title="bbox 151 1941 1725 1994; baseline 0.002 -19"><span class='ocrx_word' id='word_1_225' title='bbox 151 1941 254 1982; x_wconf 86' lang='lat' dir='ltr'>dum,</span> <span class='ocrx_word' id='word_1_226' title='bbox 281 1955 348 1990; x_wconf 83' lang='lat' dir='ltr'>quo</span> <span class='ocrx_word' id='word_1_227' title='bbox 377 1944 519 1989; x_wconf 72' lang='lat' dir='ltr'>cogitata</span> <span class='ocrx_word' id='word_1_228' title='bbox 546 1944 677 1992; x_wconf 88' lang='lat' dir='ltr'>optime</span> <span class='ocrx_word' id='word_1_229' title='bbox 704 1944 827 1992; x_wconf 84' lang='lat' dir='ltr'>exponi</span> <span class='ocrx_word' id='word_1_230' title='bbox 855 1945 1002 1993; x_wconf 87' lang='lat' dir='ltr'>possint,</span> <span class='ocrx_word' id='word_1_231' title='bbox 1028 1946 1064 1981; x_wconf 89' lang='lat' dir='ltr'>id</span> <span class='ocrx_word' id='word_1_232' title='bbox 1092 1953 1143 1980; x_wconf 84' lang='lat' dir='ltr'>est</span> <span class='ocrx_word' id='word_1_233' title='bbox 1169 1946 1211 1980; x_wconf 80' lang='lat' dir='ltr'>ad</span> <span class='ocrx_word' id='word_1_234' title='bbox 1240 1946 1406 1993; x_wconf 89' lang='lat' dir='ltr'>patrium,</span> <span class='ocrx_word' id='word_1_235' title='bbox 1433 1946 1503 1994; x_wconf 85' lang='lat' dir='ltr'>ipsa</span> <span class='ocrx_word' id='word_1_236' title='bbox 1530 1945 1579 1979; x_wconf 81' lang='lat' dir='ltr'>rei</span> <span class='ocrx_word' id='word_1_237' title='bbox 1609 1957 1725 1979; x_wconf 87' lang='lat' dir='ltr'>neces-</span> 
     </span>
     <span class='ocr_line' id='line_1_22' title="bbox 150 2001 1725 2052; baseline 0.001 -17"><span class='ocrx_word' id='word_1_238' title='bbox 150 2003 248 2036; x_wconf 84' lang='lat' dir='ltr'>sitate</span> <span class='ocrx_word' id='word_1_239' title='bbox 275 2001 478 2035; x_wconf 78' lang='lat' dir='ltr'>adducatur.</span> <span class='ocrx_word' id='word_1_240' title='bbox 530 2002 615 2045; x_wconf 84' lang='lat' dir='ltr'>Quae</span> <span class='ocrx_word' id='word_1_241' title='bbox 634 2003 736 2049; x_wconf 78' lang='lat' dir='ltr'>igitur</span> <span class='ocrx_word' id='word_1_242' title='bbox 763 2015 853 2036; x_wconf 86' lang='lat' dir='ltr'>nunc</span> <span class='ocrx_word' id='word_1_243' title='bbox 874 2004 1138 2039; x_wconf 88' lang='lat' dir='ltr'>conscribuntur</span> <span class='ocrx_word' id='word_1_244' title='bbox 1165 2004 1314 2038; x_wconf 86' lang='lat' dir='ltr'>carmina</span> <span class='ocrx_word' id='word_1_245' title='bbox 1343 2003 1463 2044; x_wconf 83' lang='lat' dir='ltr'>latina,</span> <span class='ocrx_word' id='word_1_246' title='bbox 1489 2017 1596 2052; x_wconf 89' lang='lat' dir='ltr'>quum</span> <span class='ocrx_word' id='word_1_247' title='bbox 1619 2004 1725 2050; x_wconf 87' lang='lat' dir='ltr'>magis</span> 
     </span>
    </p>
   </div>
   <div class='ocr_carea' id='block_1_2' title="bbox 153 2059 1724 2144">
    <p class='ocr_par' dir='ltr' id='par_1_2' title="bbox 153 2059 1724 2144">
     <span class='ocr_line' id='line_1_23' title="bbox 153 2059 1724 2112; baseline 0 -16"><span class='ocrx_word' id='word_1_248' title='bbox 153 2061 235 2099; x_wconf 84' lang='lat' dir='ltr'>artis</span> <span class='ocrx_word' id='word_1_249' title='bbox 262 2066 295 2094; x_wconf 90' lang='lat' dir='ltr'>et</span> <span class='ocrx_word' id='word_1_250' title='bbox 323 2059 415 2095; x_wconf 86' lang='lat' dir='ltr'>limae</span> <span class='ocrx_word' id='word_1_251' title='bbox 441 2061 527 2101; x_wconf 88' lang='lat' dir='ltr'>sint,</span> <span class='ocrx_word' id='word_1_252' title='bbox 554 2074 657 2109; x_wconf 84' lang='lat' dir='ltr'>quam</span> <span class='ocrx_word' id='word_1_253' title='bbox 684 2061 811 2109; x_wconf 82' lang='lat' dir='ltr'>ingenii</span> <span class='ocrx_word' id='word_1_254' title='bbox 838 2060 945 2096; x_wconf 84' lang='lat' dir='ltr'>libere</span> <span class='ocrx_word' id='word_1_255' title='bbox 972 2075 1006 2096; x_wconf 83' lang='lat' dir='ltr'>se</span> <span class='ocrx_word' id='word_1_256' title='bbox 1034 2062 1223 2102; x_wconf 77' lang='lat' dir='ltr'>efferentis,</span> <span class='ocrx_word' id='word_1_257' title='bbox 1250 2063 1295 2097; x_wconf 88' lang='lat' dir='ltr'>ita</span> <span class='ocrx_word' id='word_1_258' title='bbox 1316 2063 1420 2097; x_wconf 82' lang='lat' dir='ltr'>etiam</span> <span class='ocrx_word' id='word_1_259' title='bbox 1435 2069 1514 2097; x_wconf 88' lang='lat' dir='ltr'>sunt</span> <span class='ocrx_word' id='word_1_260' title='bbox 1535 2062 1724 2112; x_wconf 82' lang='lat' dir='ltr'>judicanda,</span> 
     </span>
     <span class='ocr_line' id='line_1_24' title="bbox 1625 2113 1640 2144; baseline 0 0"><span class='ocrx_word' id='word_1_261' title='bbox 1625 2113 1640 2144; x_wconf 95' lang='grc'><strong>1</strong></span> 
     </span>
    </p>
   </div>
  </div>
 </body>
</html>
