2000 2381
405 240 513 283 Quum
539 239 633 274 semel
660 240 823 274 inventum
851 247 911 276 est,
945 239 1131 274 hilarantur
1160 248 1287 287 pectora
1313 251 1426 277 cuncta

455 292 498 325 Et
524 290 687 337 qeminum
712 291 836 324 veneris
864 302 993 323 carmen
1020 290 1132 324 habere
1160 290 1278 325 vident.

404 341 469 376 Cur
492 347 559 374 tam
585 352 691 379 serus,
724 341 831 377 Amor,
859 341 1051 385 strinqentes
1079 340 1204 374 lumina
1231 341 1343 380 nodos,

453 390 573 425 Tollere
600 403 657 423 cur
684 391 759 423 istos
787 397 853 423 tam
880 389 962 423 milii
987 402 1077 424 serus
1104 392 1203 424 eras?

402 441 509 475 Navis
535 447 648 474 onusta
674 440 731 473 diu
758 447 885 474 ventum
912 441 1114 486 eoespectabat
1141 442 1298 482 amicum;

452 491 491 524 In
518 490 651 537 pelayus
678 489 806 523 tandem
830 490 936 536 flabra
963 490 1102 524 secunda
1130 499 1250 525 vocant.

402 541 430 576 Ο
457 553 528 587 spes
549 540 702 586 fallaces!
729 553 745 572 o
771 547 914 586 tempora
942 553 1025 573 vana
1049 541 1209 586 juventce!

454 591 512 626 Vos
536 590 615 637 fuya
643 603 719 623 moa:
745 590 867 637 aufert,
894 590 1031 636 horaque
1058 591 1125 624 sola
1153 598 1268 625 manet.

405 641 465 675 Illa
492 647 614 677 vianet,
637 640 769 686 fortuna
795 647 920 679 manet;
953 647 998 679 te,
1027 641 1134 679 Dora,
1160 643 1299 675 retento!

450 692 516 725 Nec
542 691 676 737 speciem
704 697 860 723 monstrat
888 703 959 737 spes
986 691 1067 730 nisi,
1095 691 1199 731 Dora,
1227 698 1325 725 tuam.

399 741 490 788 Soepe
515 741 607 788 piam
634 739 705 774 vidi
729 740 882 786 templum
911 740 1090 788 cultamque
1116 749 1293 788 petentem,

448 793 491 825 Et
519 790 696 824 matercula
722 797 791 824 erat
819 797 886 824 cum
914 792 1097 825 veneranda
1124 804 1234 825 comes.

399 842 555 888 Prompta
579 840 649 887 foro
676 853 799 887 semper
823 840 951 887 fructus
977 841 1157 888 alacrisque
1183 841 1326 888 serebas;

447 892 546 926 Fonte
573 891 680 924 abiens
707 889 820 923 audam
848 892 963 925 vertice
990 904 1068 925 vasa
1099 892 1211 925 vibras.

399 943 479 976 Tum
506 949 562 975 tua
586 953 656 987 prce
683 941 805 974 cunctis
831 941 1001 974 candentia
1028 941 1109 975 colla
1136 942 1292 979 nitebant,

448 992 522 1026 Proe
548 993 670 1025 cunctis
697 991 826 1029 cervix,
852 992 996 1037 eorporis
1023 999 1115 1038 atque
1142 991 1243 1025 decor.

397 1041 487 1088 Saepe
514 1055 585 1088 eqo,
612 1040 769 1075 decideret
797 1054 834 1074 ne
861 1041 986 1075 mobilis
1013 1055 1112 1079 urna,
1140 1042 1309 1081 timebam,-

445 1092 509 1126 Sed
536 1098 615 1125 torto
642 1092 760 1138 capitis
792 1093 928 1137 teymine
953 1091 1023 1139 βᾶσα
1050 1093 1146 1125 stetit.

395 1142 460 1179 Sic,
487 1143 594 1176 vicina
621 1141 748 1180 decens,
775 1142 821 1174 sic
847 1149 874 1175 te
902 1149 1044 1188 spectare
1072 1142 1226 1182 solebam,

446 1193 484 1226 Ut
509 1193 628 1239 sociem
656 1192 739 1225 lunoe
767 1192 833 1225 sive
859 1193 930 1238 quis
957 1200 1048 1225 astra
1075 1193 1180 1232 videt;

396 1242 565 1277 Sideribus
591 1241 708 1289 qaudet
733 1241 950 1289 fzilqentibus;
977 1242 1036 1276 illa
1063 1243 1192 1277 tenendi

444 1294 511 1328 Nec
538 1293 676 1326 minima
703 1293 737 1325 in
763 1291 891 1339 placido
918 1292 1010 1326 corde
1037 1293 1153 1340 cupido
1181 1294 1274 1340 vifJot.

394 1344 497 1380 Anni,
525 1344 570 1376 sic
593 1342 729 1389 fuqitis!
756 1343 804 1376 bis
830 1341 926 1376 denos
953 1342 1070 1377 limina
1094 1356 1212 1390 passus

443 1393 635 1432 Distabant;
657 1393 749 1439 tetiqi
774 1405 836 1426 non
863 1399 969 1426 tamen
997 1394 1059 1427 ista
1085 1393 1172 1440 pede.

391 1444 487 1478 Nunc
513 1450 609 1477 aestus
633 1442 762 1476 dirimit
789 1444 911 1476 saevus!
936 1444 1084 1477 mentiris
1110 1443 1292 1490 olympum,

441 1494 554 1528 Unda!
591 1493 673 1527 milii
697 1493 788 1540 picea
814 1493 933 1527 caerula
960 1501 1046 1527 nocte
1073 1495 1216 1540 niqrant.

391 1544 513 1579 Cuncta
539 1543 763 1584 movebantur;
787 1556 869 1590 puer
894 1557 932 1577 en
959 1543 1002 1577 acl
1029 1551 1109 1578 tecta
1134 1546 1281 1591 parentis

442 1595 555 1629 Tendit
582 1601 610 1628 et
638 1593 680 1627 ad
702 1593 780 1627 litus
808 1606 856 1627 me
881 1606 1058 1641 properare
1081 1595 1178 1640 jubet.

392 1645 581 1683 «Carbasa,»
608 1645 671 1681 ait,
698 1651 854 1690 «surqunt
881 1645 984 1678 ventis
1007 1645 1219 1693 fluitantque;
1254 1644 1406 1692 relinquit

443 1695 571 1729 Ancora
595 1695 668 1741 jam
692 1694 832 1740 fundum
861 1695 894 1728 vi
920 1694 1062 1728 relevata
1087 1698 1210 1742 yravis.

391 1745 583 1792 Promptus,
617 1744 731 1782 Alerni,
758 1745 832 1778 veni
839 1746 867 1778 J»
893 1745 1018 1791 qenitor
1045 1752 1112 1779 tum
1139 1746 1282 1780 crinibus
1308 1746 1412 1780 almus

440 1795 599 1842 Imposuit
625 1794 754 1842 palmas
780 1795 887 1828 omnia
912 1795 1022 1841 fausta
1049 1808 1198 1842 precans,

390 1845 535 1879 Provida
561 1845 760 1879 sarcinulam
789 1844 939 1879 reddebat
966 1854 1069 1880 mater
1093 1847 1200 1887 eunti;

440 1895 588 1933 «Feliae‚»
615 1896 832 1941 inqeminant,
861 1909 893 1929 «o
921 1895 1118 1943 locuplesque
1146 1896 1218 1930 redi
1226 1898 1255 1930 l»

389 1945 444 1980 Sic
472 1959 525 1991 eqo
549 1945 742 1992 fasciculum
769 1953 904 1993 portans
931 1946 1066 1980 decurro
1093 1947 1149 1980 sub
1176 1947 1247 1986 ala,

438 1999 518 2031 Ante
545 1996 629 2030 horti
654 2003 790 2029 stantem
818 2003 845 2029 te
872 1997 1038 2043 reperique
1062 1997 1154 2042 fores.

388 2048 469 2081 Tum
496 2046 577 2079 mihi
602 2045 768 2080 subridens
796 2047 972 2092 quaerebas:
1001 2047 1128 2094 «fallor,
1155 2047 1269 2083 Alexi,

437 2097 513 2131 Istis
540 2096 688 2130 clamosis
715 2109 757 2130 an
784 2109 883 2131 comes
913 2098 959 2131 ire
984 2099 1112 2144 paras?

1643 156 1659 185 κ)

1658 296 1712 328 30.

1657 791 1711 827 40.

1651 1542 1672 1576 &v

1679 1542 1697 1576 ενι

1646 1793 1704 1827 (30,

1644 2043 1698 2078 65.
